<?xml version="1.0" encoding="UTF-8"?>
<!DOCTYPE html PUBLIC "-//W3C//DTD XHTML 1.0 Transitional//EN"
    "http://www.w3.org/TR/xhtml1/DTD/xhtml1-transitional.dtd">
<html xmlns="http://www.w3.org/1999/xhtml" xml:lang="en" lang="en">
 <head>
  <title>
</title>
<meta http-equiv="Content-Type" content="text/html;charset=utf-8" />
  <meta name='ocr-system' content='tesseract 3.04.00' />
  <meta name='ocr-capabilities' content='ocr_page ocr_carea ocr_par ocr_line ocrx_word'/>
</head>
<body>
  <div class='ocr_page' id='page_1' title='image "./patrologiaecurs00unkngoog_0190.png"; bbox 0 0 3706 5962; ppageno 0'>
   <div class='ocr_carea' id='block_1_1' title="bbox 148 221 204 282">
    <p class='ocr_par' dir='ltr' id='par_1_1' title="bbox 148 221 204 282">
     <span class='ocr_line' id='line_1_1' title="bbox 148 221 204 282; baseline -0.018 0"><span class='ocrx_word' id='word_1_1' title='bbox 148 221 204 282; x_wconf 74' lang='lat' dir='ltr'>acl</span> 
     </span>
    </p>
   </div>
   <div class='ocr_carea' id='block_1_2' title="bbox 676 206 1280 275">
    <p class='ocr_par' dir='ltr' id='par_1_2' title="bbox 676 206 1280 275">
     <span class='ocr_line' id='line_1_2' title="bbox 676 206 1280 275; baseline 0.005 -6"><span class='ocrx_word' id='word_1_2' title='bbox 676 207 854 271; x_wconf 68' lang='lat' dir='ltr'>cumcunl</span> <span class='ocrx_word' id='word_1_3' title='bbox 873 206 1009 270; x_wconf 71' lang='lat' dir='ltr'>matris</span> <span class='ocrx_word' id='word_1_4' title='bbox 1033 209 1061 269; x_wconf 88' lang='lat' dir='ltr'>S.</span> <span class='ocrx_word' id='word_1_5' title='bbox 1081 206 1280 275; x_wconf 77' lang='lat' dir='ltr'>rflssobsstlcr</span> 
     </span>
    </p>
   </div>
   <div class='ocr_carea' id='block_1_3' title="bbox 1751 206 1805 275">
    <p class='ocr_par' dir='ltr' id='par_1_3' title="bbox 1751 206 1805 275">
     <span class='ocr_line' id='line_1_3' title="bbox 1751 206 1805 275; baseline 0 0"><span class='ocrx_word' id='word_1_6' title='bbox 1751 206 1805 275; x_wconf 74' lang='lat'>³68</span> 
     </span>
    </p>
   </div>
   <div class='ocr_carea' id='block_1_4' title="bbox 147 333 1803 428">
    <p class='ocr_par' dir='ltr' id='par_1_4' title="bbox 147 333 1803 428">
     <span class='ocr_line' id='line_1_4' title="bbox 147 333 1803 428; baseline -0.005 -27"><span class='ocrx_word' id='word_1_7' title='bbox 147 346 220 402; x_wconf 93' lang='lat' dir='ltr'>niam</span> <span class='ocrx_word' id='word_1_8' title='bbox 235 350 275 406; x_wconf 91' lang='lat' dir='ltr'>tu,</span> <span class='ocrx_word' id='word_1_9' title='bbox 291 338 417 406; x_wconf 84' lang='lat' dir='ltr'><strong>Domine,</strong></span> <span class='ocrx_word' id='word_1_10' title='bbox 429 334 604 407; x_wconf 77' lang='lat' dir='ltr'>singulariter</span> <span class='ocrx_word' id='word_1_11' title='bbox 618 335 646 391; x_wconf 90' lang='lat' dir='ltr'>in</span> <span class='ocrx_word' id='word_1_12' title='bbox 661 351 711 407; x_wconf 91' lang='lat' dir='ltr'>spe</span> <span class='ocrx_word' id='word_1_13' title='bbox 726 333 891 392; x_wconf 88' lang='lat' dir='ltr'>constituisti</span> <span class='ocrx_word' id='word_1_14' title='bbox 906 350 949 390; x_wconf 89' lang='lat' dir='ltr'>me</span> <span class='ocrx_word' id='word_1_15' title='bbox 966 349 994 428; x_wconf 59' lang='lat' dir='ltr'>fl.</span> <span class='ocrx_word' id='word_1_16' title='bbox 1006 337 1035 392; x_wconf 90' lang='lat' dir='ltr'>Si</span> <span class='ocrx_word' id='word_1_17' title='bbox 1050 350 1103 392; x_wconf 92' lang='lat' dir='ltr'>nou</span> <span class='ocrx_word' id='word_1_18' title='bbox 1118 353 1177 393; x_wconf 90' lang='lat' dir='ltr'>sum</span> <span class='ocrx_word' id='word_1_19' title='bbox 1191 352 1349 405; x_wconf 89' lang='lat' dir='ltr'>conversus,</span> <span class='ocrx_word' id='word_1_20' title='bbox 1364 338 1440 394; x_wconf 85' lang='lat' dir='ltr'>Deus·</span> <span class='ocrx_word' id='word_1_21' title='bbox 1451 337 1590 403; x_wconf 79' lang='lat' dir='ltr'>virtutum,</span> <span class='ocrx_word' id='word_1_22' title='bbox 1600 347 1731 395; x_wconf 84' lang='lat' dir='ltr'>converte</span> <span class='ocrx_word' id='word_1_23' title='bbox 1743 355 1803 396; x_wconf 90' lang='lat' dir='ltr'>me:</span> 
     </span>
    </p>
   </div>
   <div class='ocr_carea' id='block_1_5' title="bbox 147 427 682 590">
    <p class='ocr_par' dir='ltr' id='par_1_5' title="bbox 147 427 682 590">
     <span class='ocr_line' id='line_1_5' title="bbox 147 427 410 506; baseline -0.042 -15"><span class='ocrx_word' id='word_1_24' title='bbox 147 433 236 506; x_wconf 79' lang='lat' dir='ltr'>(Psoi.</span> <span class='ocrx_word' id='word_1_25' title='bbox 254 447 294 498; x_wconf 87' lang='lat' dir='ltr'>tv,</span> <span class='ocrx_word' id='word_1_26' title='bbox 313 431 340 501; x_wconf 82' lang='lat'>9,</span> <span class='ocrx_word' id='word_1_27' title='bbox 357 427 410 500; x_wconf 86' lang='lat' dir='ltr'>to).</span> 
     </span>
     <span class='ocr_line' id='line_1_6' title="bbox 414 532 682 590; baseline -0.004 0"><span class='ocrx_word' id='word_1_28' title='bbox 414 533 527 590; x_wconf 77' lang='lat' dir='ltr'>CAPUT</span> <span class='ocrx_word' id='word_1_29' title='bbox 540 532 682 590; x_wconf 84' lang='lat' dir='ltr'>Plilllllll.</span> 
     </span>
    </p>
   </div>
   <div class='ocr_carea' id='block_1_6' title="bbox 136 620 952 763">
    <p class='ocr_par' dir='ltr' id='par_1_6' title="bbox 136 620 952 763">
     <span class='ocr_line' id='line_1_7' title="bbox 148 620 952 691; baseline -0.016 -6"><span class='ocrx_word' id='word_1_30' title='bbox 148 629 251 686; x_wconf 77' lang='lat' dir='ltr'>Animo</span> <span class='ocrx_word' id='word_1_31' title='bbox 261 628 350 682; x_wconf 82' lang='lat' dir='ltr'>Deum</span> <span class='ocrx_word' id='word_1_32' title='bbox 360 639 461 680; x_wconf 82' lang='lat' dir='ltr'>amens</span> <span class='ocrx_word' id='word_1_33' title='bbox 472 637 501 678; x_wconf 88' lang='lat' dir='ltr'>se</span> <span class='ocrx_word' id='word_1_34' title='bbox 511 638 528 676; x_wconf 89' lang='lat' dir='ltr'>c</span> <span class='ocrx_word' id='word_1_35' title='bbox 539 623 660 678; x_wconf 83' lang='lat' dir='ltr'>terrenis</span> <span class='ocrx_word' id='word_1_36' title='bbox 670 628 696 678; x_wconf 85' lang='lat' dir='ltr'>et</span> <span class='ocrx_word' id='word_1_37' title='bbox 710 620 791 677; x_wconf 81' lang='lat' dir='ltr'>vitiis</span> <span class='ocrx_word' id='word_1_38' title='bbox 798 621 952 691; x_wconf 81' lang='lat' dir='ltr'>purgatum</span> 
     </span>
     <span class='ocr_line' id='line_1_8' title="bbox 136 693 723 763; baseline -0.012 -9"><span class='ocrx_word' id='word_1_39' title='bbox 136 723 137 727; x_wconf 41' lang='lat'>¹</span> <span class='ocrx_word' id='word_1_40' title='bbox 375 711 490 750; x_wconf 82' lang='lat' dir='ltr'>sorsum</span> <span class='ocrx_word' id='word_1_41' title='bbox 507 693 611 751; x_wconf 83' lang='lat' dir='ltr'>elevari</span> <span class='ocrx_word' id='word_1_42' title='bbox 632 697 723 763; x_wconf 76' lang='lat' dir='ltr'>ropac.</span> 
     </span>
    </p>
   </div>
   <div class='ocr_carea' id='block_1_7' title="bbox 148 775 950 1654">
    <p class='ocr_par' dir='ltr' id='par_1_7' title="bbox 148 775 950 1654">
     <span class='ocr_line' id='line_1_9' title="bbox 186 775 950 854; baseline -0.017 -10"><span class='ocrx_word' id='word_1_43' title='bbox 186 787 210 845; x_wconf 89' lang='lat' dir='ltr'>i.</span> <span class='ocrx_word' id='word_1_44' title='bbox 233 787 338 854; x_wconf 80' lang='lat' dir='ltr'>Venite,</span> <span class='ocrx_word' id='word_1_45' title='bbox 351 782 536 841; x_wconf 81' lang='lat' dir='ltr'><strong><em>ascendamus</em></strong></span> <span class='ocrx_word' id='word_1_46' title='bbox 551 781 587 836; x_wconf 90' lang='lat' dir='ltr'>ad</span> <span class='ocrx_word' id='word_1_47' title='bbox 596 784 720 836; x_wconf 81' lang='lat' dir='ltr'>montem</span> <span class='ocrx_word' id='word_1_48' title='bbox 734 781 860 844; x_wconf 80' lang='lat' dir='ltr'><strong><em>Domini,</em></strong></span> <span class='ocrx_word' id='word_1_49' title='bbox 871 784 898 834; x_wconf 89' lang='lat' dir='ltr'>et</span> <span class='ocrx_word' id='word_1_50' title='bbox 914 775 950 833; x_wconf 88' lang='lat' dir='ltr'>cd</span> 
     </span>
     <span class='ocr_line' id='line_1_10' title="bbox 148 866 947 940; baseline -0.015 -4"><span class='ocrx_word' id='word_1_51' title='bbox 148 878 262 936; x_wconf 84' lang='lat' dir='ltr'>domum</span> <span class='ocrx_word' id='word_1_52' title='bbox 276 877 326 931; x_wconf 83' lang='lat' dir='ltr'>Dei</span> <span class='ocrx_word' id='word_1_53' title='bbox 339 874 433 940; x_wconf 78' lang='lat' dir='ltr'>lacco,</span> <span class='ocrx_word' id='word_1_54' title='bbox 449 876 478 930; x_wconf 82' lang='lat' dir='ltr'>et</span> <span class='ocrx_word' id='word_1_55' title='bbox 492 873 599 930; x_wconf 75' lang='lat' dir='ltr'><strong><em>docebit</em></strong></span> <span class='ocrx_word' id='word_1_56' title='bbox 619 889 669 929; x_wconf 73' lang='lat' dir='ltr'>raris</span> <span class='ocrx_word' id='word_1_57' title='bbox 683 873 743 927; x_wconf 85' lang='lat' dir='ltr'>vics</span> <span class='ocrx_word' id='word_1_58' title='bbox 758 887 823 927; x_wconf 81' lang='lat' dir='ltr'>suos</span> <span class='ocrx_word' id='word_1_59' title='bbox 840 872 905 940; x_wconf 86' lang='lat' dir='ltr'>(isa.</span> <span class='ocrx_word' id='word_1_60' title='bbox 917 866 947 936; x_wconf 77' lang='grc' dir='ltr'>ιι,</span> 
     </span>
     <span class='ocr_line' id='line_1_11' title="bbox 149 958 949 1039; baseline -0.015 -13"><span class='ocrx_word' id='word_1_61' title='bbox 149 968 188 1039; x_wconf 83' lang='grc'>3).</span> <span class='ocrx_word' id='word_1_62' title='bbox 203 966 381 1030; x_wconf 82' lang='lat' dir='ltr'>intentiones,</span> <span class='ocrx_word' id='word_1_63' title='bbox 401 963 591 1035; x_wconf 89' lang='lat' dir='ltr'>cogitationes,</span> <span class='ocrx_word' id='word_1_64' title='bbox 607 961 769 1029; x_wconf 87' lang='lat' dir='ltr'>voluntates,</span> <span class='ocrx_word' id='word_1_65' title='bbox 780 958 949 1024; x_wconf 75' lang='lat' dir='ltr'>affectiones,</span> 
     </span>
     <span class='ocr_line' id='line_1_12' title="bbox 150 1047 950 1119; baseline -0.013 -7"><span class='ocrx_word' id='word_1_66' title='bbox 150 1064 178 1112; x_wconf 93' lang='lat' dir='ltr'>et</span> <span class='ocrx_word' id='word_1_67' title='bbox 192 1055 281 1112; x_wconf 91' lang='lat' dir='ltr'>omnia</span> <span class='ocrx_word' id='word_1_68' title='bbox 295 1053 425 1109; x_wconf 90' lang='lat' dir='ltr'>interiora</span> <span class='ocrx_word' id='word_1_69' title='bbox 440 1067 511 1119; x_wconf 91' lang='lat' dir='ltr'>mea,</span> <span class='ocrx_word' id='word_1_70' title='bbox 527 1051 630 1116; x_wconf 87' lang='lat' dir='ltr'>venite,</span> <span class='ocrx_word' id='word_1_71' title='bbox 647 1048 826 1106; x_wconf 76' lang='lat' dir='ltr'><strong>ascendamus</strong></span> <span class='ocrx_word' id='word_1_72' title='bbox 836 1047 864 1103; x_wconf 91' lang='lat' dir='ltr'>in</span> <span class='ocrx_word' id='word_1_73' title='bbox 874 1062 950 1103; x_wconf 90' lang='lat' dir='ltr'>mon-</span> 
     </span>
     <span class='ocr_line' id='line_1_13' title="bbox 150 1136 950 1210; baseline -0.009 -12"><span class='ocrx_word' id='word_1_74' title='bbox 150 1150 215 1210; x_wconf 87' lang='lat' dir='ltr'>tem,</span> <span class='ocrx_word' id='word_1_75' title='bbox 231 1142 274 1199; x_wconf 87' lang='lat' dir='ltr'>vel</span> <span class='ocrx_word' id='word_1_76' title='bbox 287 1141 387 1208; x_wconf 87' lang='lat' dir='ltr'>locum,</span> <span class='ocrx_word' id='word_1_77' title='bbox 402 1138 449 1194; x_wconf 89' lang='lat' dir='ltr'>ubi</span> <span class='ocrx_word' id='word_1_78' title='bbox 462 1139 593 1195; x_wconf 84' lang='lat' dir='ltr'><strong>Dominus</strong></span> <span class='ocrx_word' id='word_1_79' title='bbox 608 1137 690 1210; x_wconf 86' lang='lat' dir='ltr'>videt,</span> <span class='ocrx_word' id='word_1_80' title='bbox 706 1137 749 1193; x_wconf 84' lang='lat' dir='ltr'>vel</span> <span class='ocrx_word' id='word_1_81' title='bbox 768 1136 885 1192; x_wconf 90' lang='lat' dir='ltr'>videtur.</span> <span class='ocrx_word' id='word_1_82' title='bbox 896 1136 950 1191; x_wconf 89' lang='lat' dir='ltr'>Cu-</span> 
     </span>
     <span class='ocr_line' id='line_1_14' title="bbox 150 1223 948 1301; baseline -0.014 -13"><span class='ocrx_word' id='word_1_83' title='bbox 150 1247 198 1301; x_wconf 85' lang='lat' dir='ltr'>roe,</span> <span class='ocrx_word' id='word_1_84' title='bbox 213 1228 418 1298; x_wconf 77' lang='lat' dir='ltr'>sollicitudines,</span> <span class='ocrx_word' id='word_1_85' title='bbox 433 1227 596 1293; x_wconf 71' lang='lat' dir='ltr'>anxietates,</span> <span class='ocrx_word' id='word_1_86' title='bbox 610 1225 727 1292; x_wconf 88' lang='lat' dir='ltr'>labores,</span> <span class='ocrx_word' id='word_1_87' title='bbox 749 1241 846 1296; x_wconf 85' lang='lat' dir='ltr'>poenae,</span> <span class='ocrx_word' id='word_1_88' title='bbox 863 1223 948 1280; x_wconf 78' lang='lat' dir='ltr'>serui-</span> 
     </span>
     <span class='ocr_line' id='line_1_15' title="bbox 149 1316 946 1393; baseline -0.009 -16"><span class='ocrx_word' id='word_1_89' title='bbox 149 1328 231 1389; x_wconf 88' lang='lat' dir='ltr'>tutes,</span> <span class='ocrx_word' id='word_1_90' title='bbox 248 1325 404 1393; x_wconf 84' lang='lat' dir='ltr'>exspectate</span> <span class='ocrx_word' id='word_1_91' title='bbox 418 1333 462 1373; x_wconf 90' lang='lat' dir='ltr'>me</span> <span class='ocrx_word' id='word_1_92' title='bbox 483 1317 537 1382; x_wconf 90' lang='lat' dir='ltr'>hic,</span> <span class='ocrx_word' id='word_1_93' title='bbox 562 1332 625 1377; x_wconf 85' lang='lat' dir='ltr'>curo</span> <span class='ocrx_word' id='word_1_94' title='bbox 646 1316 733 1386; x_wconf 90' lang='lat' dir='ltr'>asino,</span> <span class='ocrx_word' id='word_1_95' title='bbox 749 1330 863 1387; x_wconf 90' lang='lat' dir='ltr'>corpore</span> <span class='ocrx_word' id='word_1_96' title='bbox 879 1316 946 1386; x_wconf 78' lang='lat' dir='ltr'>ist03</span> 
     </span>
     <span class='ocr_line' id='line_1_16' title="bbox 149 1403 947 1481; baseline -0.011 -14"><span class='ocrx_word' id='word_1_97' title='bbox 149 1411 239 1467; x_wconf 84' lang='lat' dir='ltr'>donec</span> <span class='ocrx_word' id='word_1_98' title='bbox 258 1424 311 1481; x_wconf 85' lang='lat' dir='ltr'>ego</span> <span class='ocrx_word' id='word_1_99' title='bbox 325 1424 387 1464; x_wconf 90' lang='lat' dir='ltr'>cum</span> <span class='ocrx_word' id='word_1_100' title='bbox 403 1423 500 1479; x_wconf 88' lang='lat' dir='ltr'>puero,</span> <span class='ocrx_word' id='word_1_101' title='bbox 517 1405 584 1462; x_wconf 89' lang='lat' dir='ltr'>ratio</span> <span class='ocrx_word' id='word_1_102' title='bbox 599 1404 702 1461; x_wconf 90' lang='lat' dir='ltr'>scilicet</span> <span class='ocrx_word' id='word_1_103' title='bbox 715 1422 776 1461; x_wconf 93' lang='lat' dir='ltr'>cum</span> <span class='ocrx_word' id='word_1_104' title='bbox 792 1403 947 1478; x_wconf 88' lang='lat' dir='ltr'>intelligen-</span> 
     </span>
     <span class='ocr_line' id='line_1_17' title="bbox 149 1493 948 1570; baseline -0.01 -17"><span class='ocrx_word' id='word_1_105' title='bbox 149 1499 195 1566; x_wconf 89' lang='lat' dir='ltr'>tia,</span> <span class='ocrx_word' id='word_1_106' title='bbox 212 1513 298 1570; x_wconf 87' lang='lat' dir='ltr'>usque</span> <span class='ocrx_word' id='word_1_107' title='bbox 312 1496 376 1552; x_wconf 93' lang='lat' dir='ltr'>illuc</span> <span class='ocrx_word' id='word_1_108' title='bbox 386 1501 576 1568; x_wconf 80' lang='lat' dir='ltr'>properantes,</span> <span class='ocrx_word' id='word_1_109' title='bbox 591 1500 736 1566; x_wconf 88' lang='lat' dir='ltr'>postquam</span> <span class='ocrx_word' id='word_1_110' title='bbox 747 1493 948 1548; x_wconf 78' lang='lat' dir='ltr'>adoraverimus</span> 
     </span>
     <span class='ocr_line' id='line_1_18' title="bbox 149 1575 946 1654; baseline -0.01 -13"><span class='ocrx_word' id='word_1_111' title='bbox 149 1595 318 1644; x_wconf 75' lang='lat' dir='ltr'>revertamur</span> <span class='ocrx_word' id='word_1_112' title='bbox 333 1575 367 1639; x_wconf 90' lang='lat' dir='ltr'>ad</span> <span class='ocrx_word' id='word_1_113' title='bbox 382 1599 431 1640; x_wconf 89' lang='lat' dir='ltr'>vos</span> <span class='ocrx_word' id='word_1_114' title='bbox 445 1584 526 1654; x_wconf 81' lang='lat' dir='ltr'>(Gerr.</span> <span class='ocrx_word' id='word_1_115' title='bbox 538 1597 611 1653; x_wconf 78' lang='lat' dir='ltr'>xxrr,</span> <span class='ocrx_word' id='word_1_116' title='bbox 627 1582 667 1654; x_wconf 81' lang='lat'>5).</span> <span class='ocrx_word' id='word_1_117' title='bbox 676 1582 853 1638; x_wconf 80' lang='lat' dir='ltr'>Revertamur</span> <span class='ocrx_word' id='word_1_118' title='bbox 863 1579 946 1649; x_wconf 92' lang='lat' dir='ltr'>euim,</span> 
     </span>
    </p>
   </div>
   <div class='ocr_carea' id='block_1_8' title="bbox 1004 427 1807 1657">
    <p class='ocr_par' dir='ltr' id='par_1_8' title="bbox 1004 427 1807 1300">
     <span class='ocr_line' id='line_1_19' title="bbox 1006 427 1805 495; baseline 0.004 -14"><span class='ocrx_word' id='word_1_119' title='bbox 1006 427 1030 481; x_wconf 86' lang='lat' dir='ltr'>si</span> <span class='ocrx_word' id='word_1_120' title='bbox 1052 432 1082 481; x_wconf 90' lang='lat' dir='ltr'>tu</span> <span class='ocrx_word' id='word_1_121' title='bbox 1104 443 1134 482; x_wconf 94' lang='lat' dir='ltr'>es</span> <span class='ocrx_word' id='word_1_122' title='bbox 1158 442 1279 495; x_wconf 82' lang='lat' dir='ltr'>aversus,</span> <span class='ocrx_word' id='word_1_123' title='bbox 1304 428 1378 485; x_wconf 85' lang='lat' dir='ltr'>Dens</span> <span class='ocrx_word' id='word_1_124' title='bbox 1399 428 1538 494; x_wconf 75' lang='lat' dir='ltr'>rinutnm,</span> <span class='ocrx_word' id='word_1_125' title='bbox 1561 436 1732 484; x_wconf 86' lang='lat' dir='ltr'>convertere.</span> <span class='ocrx_word' id='word_1_126' title='bbox 1765 427 1805 484; x_wconf 89' lang='lat' dir='ltr'>Tu</span> 
     </span>
     <span class='ocr_line' id='line_1_20' title="bbox 1006 514 1804 590; baseline 0.004 -20"><span class='ocrx_word' id='word_1_127' title='bbox 1006 514 1107 581; x_wconf 88' lang='lat' dir='ltr'>dixisti,</span> <span class='ocrx_word' id='word_1_128' title='bbox 1123 517 1154 574; x_wconf 84' lang='lat' dir='ltr'>Si</span> <span class='ocrx_word' id='word_1_129' title='bbox 1167 517 1350 584; x_wconf 80' lang='lat' dir='ltr'>converteris,</span> <span class='ocrx_word' id='word_1_130' title='bbox 1362 518 1459 583; x_wconf 84' lang='lat' dir='ltr'>israel,</span> <span class='ocrx_word' id='word_1_131' title='bbox 1470 520 1632 575; x_wconf 62' lang='lat' dir='ltr'>conveterc</span> <span class='ocrx_word' id='word_1_132' title='bbox 1642 515 1756 587; x_wconf 76' lang='lat' dir='ltr'>(larem</span> <span class='ocrx_word' id='word_1_133' title='bbox 1765 515 1804 590; x_wconf 85' lang='lat' dir='ltr'>r&#39;v,</span> 
     </span>
     <span class='ocr_line' id='line_1_21' title="bbox 1006 603 1807 680; baseline 0.004 -20"><span class='ocrx_word' id='word_1_134' title='bbox 1006 603 1049 676; x_wconf 88' lang='lat' dir='ltr'>l);</span> <span class='ocrx_word' id='word_1_135' title='bbox 1065 613 1090 660; x_wconf 92' lang='lat' dir='ltr'>et</span> <span class='ocrx_word' id='word_1_136' title='bbox 1106 604 1214 672; x_wconf 88' lang='lat' dir='ltr'>iterum,</span> <span class='ocrx_word' id='word_1_137' title='bbox 1232 604 1549 673; x_wconf 73' lang='lat' dir='ltr'>Coovmtiminicdme,</span> <span class='ocrx_word' id='word_1_138' title='bbox 1561 610 1645 680; x_wconf 79' lang='lat' dir='ltr'>eteqo</span> <span class='ocrx_word' id='word_1_139' title='bbox 1655 611 1807 665; x_wconf 77' lang='lat' dir='ltr'>conemur·</span> 
     </span>
     <span class='ocr_line' id='line_1_22' title="bbox 1006 694 1805 768; baseline 0.003 -19"><span class='ocrx_word' id='word_1_140' title='bbox 1006 694 1095 751; x_wconf 85' lang='lat' dir='ltr'>advos</span> <span class='ocrx_word' id='word_1_141' title='bbox 1111 696 1240 766; x_wconf 83' lang='lat' dir='ltr'>(chbcr.</span> <span class='ocrx_word' id='word_1_142' title='bbox 1258 711 1277 764; x_wconf 92' lang='lat' dir='ltr'>r,</span> <span class='ocrx_word' id='word_1_143' title='bbox 1295 696 1333 767; x_wconf 83' lang='grc'>3).</span> <span class='ocrx_word' id='word_1_144' title='bbox 1347 695 1387 750; x_wconf 83' lang='lat' dir='ltr'>Tu</span> <span class='ocrx_word' id='word_1_145' title='bbox 1407 696 1460 751; x_wconf 91' lang='lat' dir='ltr'>scis</span> <span class='ocrx_word' id='word_1_146' title='bbox 1473 695 1584 750; x_wconf 92' lang='lat' dir='ltr'>domum</span> <span class='ocrx_word' id='word_1_147' title='bbox 1598 695 1694 768; x_wconf 78' lang='lat' dir='ltr'>gratiae</span> <span class='ocrx_word' id='word_1_148' title='bbox 1710 703 1763 752; x_wconf 82' lang='lat' dir='ltr'>tuae</span> <span class='ocrx_word' id='word_1_149' title='bbox 1776 696 1805 751; x_wconf 91' lang='lat' dir='ltr'>iu</span> 
     </span>
     <span class='ocr_line' id='line_1_23' title="bbox 1006 781 1804 857; baseline 0.006 -22"><span class='ocrx_word' id='word_1_150' title='bbox 1006 781 1087 838; x_wconf 88' lang='lat' dir='ltr'>corde</span> <span class='ocrx_word' id='word_1_151' title='bbox 1102 783 1229 855; x_wconf 88' lang='lat' dir='ltr'>pauperis</span> <span class='ocrx_word' id='word_1_152' title='bbox 1242 783 1294 841; x_wconf 89' lang='lat' dir='ltr'>tui:</span> <span class='ocrx_word' id='word_1_153' title='bbox 1309 790 1434 856; x_wconf 89' lang='lat' dir='ltr'>paratum</span> <span class='ocrx_word' id='word_1_154' title='bbox 1449 799 1610 851; x_wconf 89' lang='lat' dir='ltr'>cormeum,</span> <span class='ocrx_word' id='word_1_155' title='bbox 1624 784 1710 852; x_wconf 88' lang='lat' dir='ltr'>Dens,</span> <span class='ocrx_word' id='word_1_156' title='bbox 1724 799 1804 857; x_wconf 89' lang='lat' dir='ltr'>para·</span> 
     </span>
     <span class='ocr_line' id='line_1_24' title="bbox 1006 869 1805 946; baseline 0.006 -23"><span class='ocrx_word' id='word_1_157' title='bbox 1006 878 1062 924; x_wconf 89' lang='lat' dir='ltr'>tum</span> <span class='ocrx_word' id='word_1_158' title='bbox 1080 885 1128 926; x_wconf 92' lang='lat' dir='ltr'>oor</span> <span class='ocrx_word' id='word_1_159' title='bbox 1141 887 1240 927; x_wconf 90' lang='lat' dir='ltr'>meum.</span> <span class='ocrx_word' id='word_1_160' title='bbox 1257 872 1376 943; x_wconf 80' lang='lat' dir='ltr'>Praecipe</span> <span class='ocrx_word' id='word_1_161' title='bbox 1387 872 1460 944; x_wconf 89' lang='lat' dir='ltr'>quod</span> <span class='ocrx_word' id='word_1_162' title='bbox 1474 871 1525 937; x_wconf 85' lang='lat' dir='ltr'>ris,</span> <span class='ocrx_word' id='word_1_163' title='bbox 1539 869 1582 928; x_wconf 87' lang='lat' dir='ltr'>iac</span> <span class='ocrx_word' id='word_1_164' title='bbox 1595 888 1640 929; x_wconf 89' lang='lat' dir='ltr'>me</span> <span class='ocrx_word' id='word_1_165' title='bbox 1649 873 1805 946; x_wconf 84' lang='lat' dir='ltr'>intelligere</span> 
     </span>
     <span class='ocr_line' id='line_1_25' title="bbox 1006 958 1803 1034; baseline 0.005 -20"><span class='ocrx_word' id='word_1_166' title='bbox 1006 958 1080 1029; x_wconf 91' lang='lat' dir='ltr'>quod</span> <span class='ocrx_word' id='word_1_167' title='bbox 1092 960 1232 1033; x_wconf 86' lang='lat' dir='ltr'>praecipis;</span> <span class='ocrx_word' id='word_1_168' title='bbox 1248 961 1281 1016; x_wconf 95' lang='lat' dir='ltr'>da</span> <span class='ocrx_word' id='word_1_169' title='bbox 1296 977 1388 1032; x_wconf 87' lang='lat' dir='ltr'>posse,</span> <span class='ocrx_word' id='word_1_170' title='bbox 1403 960 1450 1033; x_wconf 91' lang='lat' dir='ltr'>qui</span> <span class='ocrx_word' id='word_1_171' title='bbox 1465 960 1562 1016; x_wconf 87' lang='lat' dir='ltr'>dedisti</span> <span class='ocrx_word' id='word_1_172' title='bbox 1577 961 1659 1034; x_wconf 84' lang='lat' dir='ltr'>vella,</span> <span class='ocrx_word' id='word_1_173' title='bbox 1674 967 1702 1019; x_wconf 87' lang='lat' dir='ltr'>at</span> <span class='ocrx_word' id='word_1_174' title='bbox 1717 963 1765 1017; x_wconf 81' lang='lat' dir='ltr'>liet</span> <span class='ocrx_word' id='word_1_175' title='bbox 1775 963 1803 1018; x_wconf 89' lang='lat' dir='ltr'>in</span> 
     </span>
     <span class='ocr_line' id='line_1_26' title="bbox 1006 1049 1803 1121; baseline 0.003 -18"><span class='ocrx_word' id='word_1_176' title='bbox 1006 1063 1050 1104; x_wconf 89' lang='lat' dir='ltr'>rue</span> <span class='ocrx_word' id='word_1_177' title='bbox 1063 1049 1106 1104; x_wconf 81' lang='lat' dir='ltr'>vel</span> <span class='ocrx_word' id='word_1_178' title='bbox 1126 1049 1160 1104; x_wconf 92' lang='lat' dir='ltr'>de</span> <span class='ocrx_word' id='word_1_179' title='bbox 1182 1065 1225 1105; x_wconf 89' lang='lat' dir='ltr'>me</span> <span class='ocrx_word' id='word_1_180' title='bbox 1249 1050 1380 1121; x_wconf 87' lang='lat' dir='ltr'>quidquid</span> <span class='ocrx_word' id='word_1_181' title='bbox 1405 1049 1454 1105; x_wconf 85' lang='lat' dir='ltr'>ris.</span> <span class='ocrx_word' id='word_1_182' title='bbox 1479 1050 1552 1106; x_wconf 85' lang='lat' dir='ltr'>Deus</span> <span class='ocrx_word' id='word_1_183' title='bbox 1574 1050 1712 1115; x_wconf 81' lang='lat' dir='ltr'>uirtutum,</span> <span class='ocrx_word' id='word_1_184' title='bbox 1736 1064 1803 1106; x_wconf 91' lang='lat' dir='ltr'>cou-</span> 
     </span>
     <span class='ocr_line' id='line_1_27' title="bbox 1005 1136 1804 1204; baseline 0 -13"><span class='ocrx_word' id='word_1_185' title='bbox 1005 1144 1081 1193; x_wconf 85' lang='lat' dir='ltr'>verte</span> <span class='ocrx_word' id='word_1_186' title='bbox 1108 1154 1169 1204; x_wconf 92' lang='lat' dir='ltr'>nos,</span> <span class='ocrx_word' id='word_1_187' title='bbox 1191 1146 1218 1193; x_wconf 90' lang='lat' dir='ltr'>et</span> <span class='ocrx_word' id='word_1_188' title='bbox 1241 1139 1355 1193; x_wconf 89' lang='lat' dir='ltr'>ostende</span> <span class='ocrx_word' id='word_1_189' title='bbox 1380 1136 1476 1194; x_wconf 84' lang='lat' dir='ltr'>tactem</span> <span class='ocrx_word' id='word_1_190' title='bbox 1499 1145 1582 1203; x_wconf 88' lang='lat' dir='ltr'>tuam,</span> <span class='ocrx_word' id='word_1_191' title='bbox 1608 1149 1634 1194; x_wconf 85' lang='lat' dir='ltr'>et</span> <span class='ocrx_word' id='word_1_192' title='bbox 1658 1137 1724 1194; x_wconf 82' lang='lat' dir='ltr'>salvi</span> <span class='ocrx_word' id='word_1_193' title='bbox 1749 1138 1804 1193; x_wconf 87' lang='lat' dir='ltr'>eri·</span> 
     </span>
     <span class='ocr_line' id='line_1_28' title="bbox 1004 1226 1159 1300; baseline 0.013 -18"><span class='ocrx_word' id='word_1_194' title='bbox 1004 1243 1064 1284; x_wconf 91' lang='lat' dir='ltr'>mus</span> <span class='ocrx_word' id='word_1_195' title='bbox 1078 1226 1159 1300; x_wconf 84' lang='lat' dir='ltr'>(lb).]</span> 
     </span>
    </p>

    <p class='ocr_par' dir='ltr' id='par_1_9' title="bbox 1004 1316 1805 1657">
     <span class='ocr_line' id='line_1_29' title="bbox 1039 1316 1803 1389; baseline -0.005 -15"><span class='ocrx_word' id='word_1_196' title='bbox 1039 1323 1065 1374; x_wconf 82' lang='grc'>3.</span> <span class='ocrx_word' id='word_1_197' title='bbox 1081 1316 1239 1388; x_wconf 86' lang='lat' dir='ltr'>Respondet</span> <span class='ocrx_word' id='word_1_198' title='bbox 1252 1318 1353 1389; x_wconf 86' lang='lat' dir='ltr'>quippe</span> <span class='ocrx_word' id='word_1_199' title='bbox 1372 1316 1436 1373; x_wconf 92' lang='lat' dir='ltr'>mihi</span> <span class='ocrx_word' id='word_1_200' title='bbox 1451 1316 1524 1373; x_wconf 91' lang='lat' dir='ltr'>intus</span> <span class='ocrx_word' id='word_1_201' title='bbox 1537 1316 1566 1371; x_wconf 95' lang='lat' dir='ltr'>in</span> <span class='ocrx_word' id='word_1_202' title='bbox 1589 1316 1679 1371; x_wconf 92' lang='lat' dir='ltr'>anima</span> <span class='ocrx_word' id='word_1_203' title='bbox 1701 1332 1761 1372; x_wconf 86' lang='lat' dir='ltr'>moa</span> <span class='ocrx_word' id='word_1_204' title='bbox 1776 1323 1803 1372; x_wconf 89' lang='lat' dir='ltr'>et</span> 
     </span>
     <span class='ocr_line' id='line_1_30' title="bbox 1005 1405 1803 1474; baseline -0.005 -11"><span class='ocrx_word' id='word_1_205' title='bbox 1005 1415 1096 1463; x_wconf 92' lang='lat' dir='ltr'>mente</span> <span class='ocrx_word' id='word_1_206' title='bbox 1110 1422 1182 1474; x_wconf 89' lang='lat' dir='ltr'>mea,</span> <span class='ocrx_word' id='word_1_207' title='bbox 1196 1407 1362 1463; x_wconf 86' lang='lat' dir='ltr'>tumultuans</span> <span class='ocrx_word' id='word_1_208' title='bbox 1377 1406 1403 1461; x_wconf 92' lang='lat' dir='ltr'>in</span> <span class='ocrx_word' id='word_1_209' title='bbox 1423 1421 1477 1474; x_wconf 88' lang='lat' dir='ltr'>me,</span> <span class='ocrx_word' id='word_1_210' title='bbox 1494 1412 1521 1462; x_wconf 89' lang='lat' dir='ltr'>et</span> <span class='ocrx_word' id='word_1_211' title='bbox 1534 1405 1694 1461; x_wconf 81' lang='lat' dir='ltr'>concutiens</span> <span class='ocrx_word' id='word_1_212' title='bbox 1709 1405 1803 1460; x_wconf 84' lang='lat' dir='ltr'>omnin</span> 
     </span>
     <span class='ocr_line' id='line_1_31' title="bbox 1004 1493 1804 1565; baseline -0.005 -15"><span class='ocrx_word' id='word_1_213' title='bbox 1004 1495 1134 1552; x_wconf 90' lang='lat' dir='ltr'>interiora</span> <span class='ocrx_word' id='word_1_214' title='bbox 1162 1511 1222 1552; x_wconf 90' lang='lat' dir='ltr'>mea</span> <span class='ocrx_word' id='word_1_215' title='bbox 1244 1510 1295 1552; x_wconf 84' lang='lat' dir='ltr'>vox</span> <span class='ocrx_word' id='word_1_216' title='bbox 1317 1493 1512 1551; x_wconf 88' lang='lat' dir='ltr'>testificationis</span> <span class='ocrx_word' id='word_1_217' title='bbox 1537 1502 1609 1550; x_wconf 84' lang='lat' dir='ltr'>tuae:</span> <span class='ocrx_word' id='word_1_218' title='bbox 1633 1503 1663 1549; x_wconf 91' lang='lat' dir='ltr'>et</span> <span class='ocrx_word' id='word_1_219' title='bbox 1684 1493 1804 1565; x_wconf 87' lang='lat' dir='ltr'>caligant</span> 
     </span>
     <span class='ocr_line' id='line_1_32' title="bbox 1004 1583 1805 1657; baseline -0.002 -17"><span class='ocrx_word' id='word_1_220' title='bbox 1004 1586 1075 1640; x_wconf 89' lang='lat' dir='ltr'>oculi</span> <span class='ocrx_word' id='word_1_221' title='bbox 1088 1585 1141 1641; x_wconf 90' lang='lat' dir='ltr'>mei</span> <span class='ocrx_word' id='word_1_222' title='bbox 1156 1585 1298 1642; x_wconf 88' lang='lat' dir='ltr'>interiores</span> <span class='ocrx_word' id='word_1_223' title='bbox 1310 1601 1327 1641; x_wconf 90' lang='lat' dir='ltr'>a</span> <span class='ocrx_word' id='word_1_224' title='bbox 1341 1584 1448 1657; x_wconf 81' lang='lat' dir='ltr'>fulgore</span> <span class='ocrx_word' id='word_1_225' title='bbox 1461 1583 1583 1640; x_wconf 85' lang='lat' dir='ltr'>veritatis</span> <span class='ocrx_word' id='word_1_226' title='bbox 1597 1590 1660 1648; x_wconf 85' lang='lat' dir='ltr'>tuae,</span> <span class='ocrx_word' id='word_1_227' title='bbox 1674 1583 1805 1656; x_wconf 88' lang='lat' dir='ltr'>ingeren-</span> 
     </span>
    </p>
   </div>
   <div class='ocr_carea' id='block_1_9' title="bbox 145 1665 1804 4421">
    <p class='ocr_par' dir='ltr' id='par_1_10' title="bbox 145 1665 1804 4242">
     <span class='ocr_line' id='line_1_33' title="bbox 148 1665 1803 1744; baseline -0.004 -12"><span class='ocrx_word' id='word_1_228' title='bbox 148 1685 176 1732; x_wconf 88' lang='lat' dir='ltr'>et</span> <span class='ocrx_word' id='word_1_229' title='bbox 190 1677 259 1732; x_wconf 90' lang='lat' dir='ltr'>heul</span> <span class='ocrx_word' id='word_1_230' title='bbox 275 1681 445 1731; x_wconf 85' lang='lat' dir='ltr'>revertemur</span> <span class='ocrx_word' id='word_1_231' title='bbox 467 1688 549 1744; x_wconf 89' lang='lat' dir='ltr'>quam</span> <span class='ocrx_word' id='word_1_232' title='bbox 572 1671 716 1727; x_wconf 87' lang='lat' dir='ltr'>citissime:</span> <span class='ocrx_word' id='word_1_233' title='bbox 741 1669 851 1725; x_wconf 90' lang='lat' dir='ltr'>abducit</span> <span class='ocrx_word' id='word_1_234' title='bbox 875 1667 945 1723; x_wconf 91' lang='lat' dir='ltr'>enim</span> <span class='ocrx_word' id='word_1_235' title='bbox 965 1665 987 1741; x_wconf 80' lang='grc' dir='ltr'><strong><em>Β</em></strong></span> <span class='ocrx_word' id='word_1_236' title='bbox 1007 1673 1039 1729; x_wconf 90' lang='lat' dir='ltr'>tis</span> <span class='ocrx_word' id='word_1_237' title='bbox 1054 1673 1118 1728; x_wconf 93' lang='lat' dir='ltr'>mihi</span> <span class='ocrx_word' id='word_1_238' title='bbox 1131 1675 1194 1744; x_wconf 88' lang='lat' dir='ltr'>quia</span> <span class='ocrx_word' id='word_1_239' title='bbox 1208 1689 1262 1730; x_wconf 92' lang='lat' dir='ltr'>nou</span> <span class='ocrx_word' id='word_1_240' title='bbox 1277 1674 1379 1729; x_wconf 87' lang='lat' dir='ltr'>videbit</span> <span class='ocrx_word' id='word_1_241' title='bbox 1399 1670 1484 1730; x_wconf 66' lang='lat' dir='ltr'>aab</span> <span class='ocrx_word' id='word_1_242' title='bbox 1509 1678 1535 1728; x_wconf 93' lang='lat' dir='ltr'>te</span> <span class='ocrx_word' id='word_1_243' title='bbox 1559 1676 1638 1728; x_wconf 91' lang='lat' dir='ltr'>homo</span> <span class='ocrx_word' id='word_1_244' title='bbox 1659 1681 1688 1728; x_wconf 92' lang='lat' dir='ltr'>et</span> <span class='ocrx_word' id='word_1_245' title='bbox 1711 1673 1803 1727; x_wconf 85' lang='lat' dir='ltr'>virere</span> 
     </span>
     <span class='ocr_line' id='line_1_34' title="bbox 149 1756 1803 1835; baseline -0.005 -16"><span class='ocrx_word' id='word_1_246' title='bbox 149 1780 199 1821; x_wconf 92' lang='lat' dir='ltr'>nos</span> <span class='ocrx_word' id='word_1_247' title='bbox 212 1780 228 1819; x_wconf 90' lang='lat' dir='ltr'>a</span> <span class='ocrx_word' id='word_1_248' title='bbox 241 1763 320 1820; x_wconf 86' lang='lat' dir='ltr'>vobis</span> <span class='ocrx_word' id='word_1_249' title='bbox 334 1761 452 1817; x_wconf 89' lang='lat' dir='ltr'>charitas</span> <span class='ocrx_word' id='word_1_250' title='bbox 465 1759 596 1828; x_wconf 90' lang='lat' dir='ltr'>veritatis,</span> <span class='ocrx_word' id='word_1_251' title='bbox 609 1759 659 1815; x_wconf 91' lang='lat' dir='ltr'>sed</span> <span class='ocrx_word' id='word_1_252' title='bbox 672 1768 785 1830; x_wconf 91' lang='lat' dir='ltr'>propter</span> <span class='ocrx_word' id='word_1_253' title='bbox 794 1756 892 1813; x_wconf 84' lang='lat' dir='ltr'>iratres</span> <span class='ocrx_word' id='word_1_254' title='bbox 901 1758 947 1811; x_wconf 90' lang='lat' dir='ltr'>ab·</span> <span class='ocrx_word' id='word_1_255' title='bbox 1004 1763 1114 1834; x_wconf 71' lang='lat' dir='ltr'>poterit.</span> <span class='ocrx_word' id='word_1_256' title='bbox 1131 1765 1189 1835; x_wconf 73' lang='lat' dir='ltr'>Ego</span> <span class='ocrx_word' id='word_1_257' title='bbox 1204 1764 1277 1820; x_wconf 74' lang='lat' dir='ltr'>enim</span> <span class='ocrx_word' id='word_1_258' title='bbox 1293 1779 1357 1820; x_wconf 70' lang='lat' dir='ltr'>vere</span> <span class='ocrx_word' id='word_1_259' title='bbox 1371 1764 1525 1835; x_wconf 71' lang='lat' dir='ltr'>inpeccatis</span> <span class='ocrx_word' id='word_1_260' title='bbox 1536 1771 1607 1818; x_wconf 76' lang='lat' dir='ltr'>rocus</span> <span class='ocrx_word' id='word_1_261' title='bbox 1617 1778 1704 1833; x_wconf 77' lang='lat' dir='ltr'>usque</span> <span class='ocrx_word' id='word_1_262' title='bbox 1714 1763 1803 1818; x_wconf 69' lang='lat' dir='ltr'>adlice</span> 
     </span>
     <span class='ocr_line' id='line_1_35' title="bbox 148 1845 1801 1923; baseline -0.004 -14"><span class='ocrx_word' id='word_1_263' title='bbox 148 1854 239 1910; x_wconf 88' lang='lat' dir='ltr'>dicare</span> <span class='ocrx_word' id='word_1_264' title='bbox 253 1858 282 1909; x_wconf 94' lang='lat' dir='ltr'>et</span> <span class='ocrx_word' id='word_1_265' title='bbox 295 1852 421 1922; x_wconf 89' lang='lat' dir='ltr'>abjurare</span> <span class='ocrx_word' id='word_1_266' title='bbox 437 1865 486 1906; x_wconf 80' lang='lat' dir='ltr'>ros</span> <span class='ocrx_word' id='word_1_267' title='bbox 500 1864 556 1904; x_wconf 88' lang='lat' dir='ltr'>non</span> <span class='ocrx_word' id='word_1_268' title='bbox 569 1850 671 1920; x_wconf 89' lang='lat' dir='ltr'>patitur</span> <span class='ocrx_word' id='word_1_269' title='bbox 684 1848 784 1903; x_wconf 87' lang='lat' dir='ltr'>veritas</span> <span class='ocrx_word' id='word_1_270' title='bbox 798 1845 944 1904; x_wconf 89' lang='lat' dir='ltr'>eharitatis.</span> <span class='ocrx_word' id='word_1_271' title='bbox 1005 1854 1119 1910; x_wconf 73' lang='lat' dir='ltr'>necdum</span> <span class='ocrx_word' id='word_1_272' title='bbox 1136 1857 1211 1923; x_wconf 71' lang='lat' dir='ltr'>potui</span> <span class='ocrx_word' id='word_1_273' title='bbox 1224 1854 1292 1908; x_wconf 76' lang='lat' dir='ltr'>mori</span> <span class='ocrx_word' id='word_1_274' title='bbox 1306 1853 1381 1919; x_wconf 71' lang='lat' dir='ltr'>mihi,</span> <span class='ocrx_word' id='word_1_275' title='bbox 1397 1861 1426 1909; x_wconf 82' lang='lat' dir='ltr'>ut</span> <span class='ocrx_word' id='word_1_276' title='bbox 1440 1852 1528 1911; x_wconf 78' lang='lat' dir='ltr'>vivam</span> <span class='ocrx_word' id='word_1_277' title='bbox 1545 1852 1606 1907; x_wconf 81' lang='lat' dir='ltr'>tibi:</span> <span class='ocrx_word' id='word_1_278' title='bbox 1624 1851 1673 1908; x_wconf 84' lang='lat' dir='ltr'>sed</span> <span class='ocrx_word' id='word_1_279' title='bbox 1699 1859 1801 1919; x_wconf 75' lang='lat' dir='ltr'>mmen,</span> 
     </span>
     <span class='ocr_line' id='line_1_36' title="bbox 149 1935 1802 2014; baseline -0.002 -12"><span class='ocrx_word' id='word_1_280' title='bbox 149 1938 205 1997; x_wconf 83' lang='lat' dir='ltr'>Sed</span> <span class='ocrx_word' id='word_1_281' title='bbox 228 1940 290 1996; x_wconf 70' lang='lat' dir='ltr'>litei</span> <span class='ocrx_word' id='word_1_282' title='bbox 318 1938 438 1994; x_wconf 64' lang='lat' dir='ltr'>retrahat</span> <span class='ocrx_word' id='word_1_283' title='bbox 459 1944 551 1993; x_wconf 62' lang='lat' dir='ltr'>vestra</span> <span class='ocrx_word' id='word_1_284' title='bbox 574 1935 731 2004; x_wconf 62' lang='lat' dir='ltr'>sseoessifflss</span> <span class='ocrx_word' id='word_1_285' title='bbox 756 1951 811 1990; x_wconf 77' lang='lat'>⁰⁰¹¹</span> <span class='ocrx_word' id='word_1_286' title='bbox 835 1942 947 2006; x_wconf 69' lang='lat' dir='ltr'>Pf⁰l&gt;²0l</span> <span class='ocrx_word' id='word_1_287' title='bbox 1005 1960 1037 1998; x_wconf 83' lang='lat' dir='ltr'>ex</span> <span class='ocrx_word' id='word_1_288' title='bbox 1053 1950 1190 2014; x_wconf 83' lang='lat' dir='ltr'>praecepto</span> <span class='ocrx_word' id='word_1_289' title='bbox 1205 1952 1262 2013; x_wconf 89' lang='lat' dir='ltr'>tuo,</span> <span class='ocrx_word' id='word_1_290' title='bbox 1279 1950 1307 1997; x_wconf 90' lang='lat' dir='ltr'>et</span> <span class='ocrx_word' id='word_1_291' title='bbox 1322 1944 1394 1998; x_wconf 92' lang='lat' dir='ltr'>dono</span> <span class='ocrx_word' id='word_1_292' title='bbox 1409 1951 1454 1999; x_wconf 93' lang='lat' dir='ltr'>tuo</span> <span class='ocrx_word' id='word_1_293' title='bbox 1467 1949 1510 1999; x_wconf 91' lang='lat' dir='ltr'>sto</span> <span class='ocrx_word' id='word_1_294' title='bbox 1524 1942 1551 1996; x_wconf 91' lang='lat' dir='ltr'>in</span> <span class='ocrx_word' id='word_1_295' title='bbox 1562 1949 1641 2013; x_wconf 86' lang='lat' dir='ltr'>petra</span> <span class='ocrx_word' id='word_1_296' title='bbox 1653 1941 1802 2010; x_wconf 84' lang='lat' dir='ltr'>fidcimeae,</span> 
     </span>
     <span class='ocr_line' id='line_1_37' title="bbox 147 2023 1801 2104; baseline 0.001 -19"><span class='ocrx_word' id='word_1_297' title='bbox 147 2045 197 2086; x_wconf 86' lang='lat' dir='ltr'>ros</span> <span class='ocrx_word' id='word_1_298' title='bbox 211 2028 323 2086; x_wconf 91' lang='lat' dir='ltr'>omniuo</span> <span class='ocrx_word' id='word_1_299' title='bbox 337 2025 540 2083; x_wconf 88' lang='lat' dir='ltr'>omittendaest</span> <span class='ocrx_word' id='word_1_300' title='bbox 553 2024 598 2081; x_wconf 88' lang='lat' dir='ltr'>illa</span> <span class='ocrx_word' id='word_1_301' title='bbox 608 2023 737 2082; x_wconf 81' lang='lat' dir='ltr'>suavitas.</span> <span class='ocrx_word' id='word_1_302' title='bbox 747 2025 947 2080; x_wconf 79' lang='lat' dir='ltr'>Demioebecs</span> <span class='ocrx_word' id='word_1_303' title='bbox 1003 2030 1065 2086; x_wconf 82' lang='lat' dir='ltr'>fidei</span> <span class='ocrx_word' id='word_1_304' title='bbox 1079 2031 1248 2097; x_wconf 65' lang='lat' dir='ltr'>Christianae,</span> <span class='ocrx_word' id='word_1_305' title='bbox 1264 2031 1292 2085; x_wconf 92' lang='lat' dir='ltr'>in</span> <span class='ocrx_word' id='word_1_306' title='bbox 1302 2031 1362 2087; x_wconf 91' lang='lat' dir='ltr'>loco</span> <span class='ocrx_word' id='word_1_307' title='bbox 1377 2030 1423 2104; x_wconf 90' lang='lat' dir='ltr'>qai</span> <span class='ocrx_word' id='word_1_308' title='bbox 1433 2039 1548 2088; x_wconf 89' lang='lat' dir='ltr'>vereast</span> <span class='ocrx_word' id='word_1_309' title='bbox 1556 2046 1643 2104; x_wconf 88' lang='lat' dir='ltr'>penes</span> <span class='ocrx_word' id='word_1_310' title='bbox 1654 2031 1726 2098; x_wconf 86' lang='lat' dir='ltr'>te,in</span> <span class='ocrx_word' id='word_1_311' title='bbox 1736 2046 1801 2103; x_wconf 89' lang='lat' dir='ltr'>quo,</span> 
     </span>
     <span class='ocr_line' id='line_1_38' title="bbox 148 2117 1802 2192; baseline -0.004 -14"><span class='ocrx_word' id='word_1_312' title='bbox 148 2124 301 2187; x_wconf 82' lang='lat' dir='ltr'>virtutum,</span> <span class='ocrx_word' id='word_1_313' title='bbox 321 2123 522 2184; x_wconf 66' lang='lat' dir='ltr'>convertentes,</span> <span class='ocrx_word' id='word_1_314' title='bbox 537 2123 565 2175; x_wconf 82' lang='lat' dir='ltr'>et</span> <span class='ocrx_word' id='word_1_315' title='bbox 579 2117 694 2175; x_wconf 84' lang='lat' dir='ltr'>osteude</span> <span class='ocrx_word' id='word_1_316' title='bbox 707 2120 811 2191; x_wconf 77' lang='lat' dir='ltr'>sociem</span> <span class='ocrx_word' id='word_1_317' title='bbox 826 2122 906 2175; x_wconf 84' lang='lat' dir='ltr'>taam</span> <span class='ocrx_word' id='word_1_318' title='bbox 919 2119 947 2174; x_wconf 85' lang='lat' dir='ltr'>et</span> <span class='ocrx_word' id='word_1_319' title='bbox 1004 2128 1033 2175; x_wconf 91' lang='lat' dir='ltr'>ut</span> <span class='ocrx_word' id='word_1_320' title='bbox 1051 2135 1177 2191; x_wconf 91' lang='lat' dir='ltr'>possum,</span> <span class='ocrx_word' id='word_1_321' title='bbox 1200 2119 1309 2176; x_wconf 89' lang='lat' dir='ltr'>interim</span> <span class='ocrx_word' id='word_1_322' title='bbox 1333 2119 1391 2175; x_wconf 86' lang='lat' dir='ltr'>iero</span> <span class='ocrx_word' id='word_1_323' title='bbox 1412 2119 1559 2192; x_wconf 74' lang='lat' dir='ltr'>patienter,</span> <span class='ocrx_word' id='word_1_324' title='bbox 1587 2123 1615 2173; x_wconf 87' lang='lat' dir='ltr'>et</span> <span class='ocrx_word' id='word_1_325' title='bbox 1637 2118 1802 2191; x_wconf 85' lang='lat' dir='ltr'>amplector,</span> 
     </span>
     <span class='ocr_line' id='line_1_39' title="bbox 147 2204 1804 2283; baseline -0.003 -14"><span class='ocrx_word' id='word_1_326' title='bbox 147 2204 946 2281; x_wconf 66' lang='lat' dir='ltr'>soloiemmosll’saluxxrx,20).Sedhenlheull)omiuc</span> <span class='ocrx_word' id='word_1_327' title='bbox 1003 2216 1031 2265; x_wconf 90' lang='lat' dir='ltr'>et</span> <span class='ocrx_word' id='word_1_328' title='bbox 1045 2208 1188 2265; x_wconf 88' lang='lat' dir='ltr'>deosculor</span> <span class='ocrx_word' id='word_1_329' title='bbox 1211 2217 1350 2283; x_wconf 77' lang='lat' dir='ltr'>tegentem</span> <span class='ocrx_word' id='word_1_330' title='bbox 1375 2216 1403 2263; x_wconf 87' lang='grc' dir='ltr'>ιι</span> <span class='ocrx_word' id='word_1_331' title='bbox 1427 2217 1616 2280; x_wconf 77' lang='lat' dir='ltr'>protegentem</span> <span class='ocrx_word' id='word_1_332' title='bbox 1642 2225 1686 2265; x_wconf 87' lang='lat' dir='ltr'>me</span> <span class='ocrx_word' id='word_1_333' title='bbox 1708 2209 1804 2265; x_wconf 81' lang='lat' dir='ltr'>dente·</span> 
     </span>
     <span class='ocr_line' id='line_1_40' title="bbox 145 2295 1802 2372; baseline -0.002 -15"><span class='ocrx_word' id='word_1_334' title='bbox 145 2301 230 2367; x_wconf 87' lang='lat' dir='ltr'>Deus,</span> <span class='ocrx_word' id='word_1_335' title='bbox 254 2314 335 2372; x_wconf 87' lang='lat' dir='ltr'>quam</span> <span class='ocrx_word' id='word_1_336' title='bbox 356 2312 561 2371; x_wconf 84' lang='lat' dir='ltr'>praeproperum</span> <span class='ocrx_word' id='word_1_337' title='bbox 582 2303 635 2364; x_wconf 84' lang='lat' dir='ltr'>est,</span> <span class='ocrx_word' id='word_1_338' title='bbox 660 2312 741 2368; x_wconf 89' lang='lat' dir='ltr'>quam</span> <span class='ocrx_word' id='word_1_339' title='bbox 760 2295 944 2363; x_wconf 88' lang='lat' dir='ltr'>temerarium,</span> <span class='ocrx_word' id='word_1_340' title='bbox 1004 2313 1061 2354; x_wconf 88' lang='lat' dir='ltr'>ram</span> <span class='ocrx_word' id='word_1_341' title='bbox 1086 2306 1174 2367; x_wconf 81' lang='lat' dir='ltr'>tuam3</span> <span class='ocrx_word' id='word_1_342' title='bbox 1203 2306 1231 2354; x_wconf 89' lang='lat' dir='ltr'>et</span> <span class='ocrx_word' id='word_1_343' title='bbox 1257 2295 1400 2370; x_wconf 78' lang='lat' dir='ltr'>aliquoties</span> <span class='ocrx_word' id='word_1_344' title='bbox 1424 2296 1625 2369; x_wconf 89' lang='lat' dir='ltr'>contemplans,</span> <span class='ocrx_word' id='word_1_345' title='bbox 1653 2305 1681 2354; x_wconf 90' lang='lat' dir='ltr'>et</span> <span class='ocrx_word' id='word_1_346' title='bbox 1708 2297 1802 2355; x_wconf 83' lang='lat' dir='ltr'>ridere</span> 
     </span>
     <span class='ocr_line' id='line_1_41' title="bbox 147 2385 1804 2461; baseline -0.002 -16"><span class='ocrx_word' id='word_1_347' title='bbox 147 2405 228 2461; x_wconf 91' lang='lat' dir='ltr'>quam</span> <span class='ocrx_word' id='word_1_348' title='bbox 256 2387 452 2453; x_wconf 89' lang='lat' dir='ltr'>inordinatum,</span> <span class='ocrx_word' id='word_1_349' title='bbox 478 2401 560 2458; x_wconf 88' lang='lat' dir='ltr'>quam</span> <span class='ocrx_word' id='word_1_350' title='bbox 584 2393 840 2459; x_wconf 69' lang='lat' dir='ltr'>presumptuosum,</span> <span class='ocrx_word' id='word_1_351' title='bbox 864 2402 946 2459; x_wconf 90' lang='lat' dir='ltr'>quam</span> <span class='ocrx_word' id='word_1_352' title='bbox 1002 2387 1124 2461; x_wconf 80' lang='lat' dir='ltr'>gestiens</span> <span class='ocrx_word' id='word_1_353' title='bbox 1141 2386 1292 2459; x_wconf 87' lang='lat' dir='ltr'>posteriora</span> <span class='ocrx_word' id='word_1_354' title='bbox 1306 2385 1424 2443; x_wconf 88' lang='lat' dir='ltr'>videntis</span> <span class='ocrx_word' id='word_1_355' title='bbox 1439 2401 1493 2456; x_wconf 90' lang='lat' dir='ltr'>me,</span> <span class='ocrx_word' id='word_1_356' title='bbox 1510 2394 1536 2440; x_wconf 87' lang='lat' dir='ltr'>et</span> <span class='ocrx_word' id='word_1_357' title='bbox 1545 2401 1710 2458; x_wconf 90' lang='lat' dir='ltr'>percurrens</span> <span class='ocrx_word' id='word_1_358' title='bbox 1721 2386 1804 2442; x_wconf 88' lang='lat' dir='ltr'>semi·</span> 
     </span>
     <span class='ocr_line' id='line_1_42' title="bbox 146 2469 1800 2549; baseline -0.002 -15"><span class='ocrx_word' id='word_1_359' title='bbox 146 2479 264 2535; x_wconf 89' lang='lat' dir='ltr'>alienum</span> <span class='ocrx_word' id='word_1_360' title='bbox 279 2493 294 2532; x_wconf 87' lang='lat' dir='ltr'>a</span> <span class='ocrx_word' id='word_1_361' title='bbox 309 2476 404 2548; x_wconf 86' lang='lat' dir='ltr'>regula</span> <span class='ocrx_word' id='word_1_362' title='bbox 423 2475 500 2532; x_wconf 89' lang='lat' dir='ltr'>verbi</span> <span class='ocrx_word' id='word_1_363' title='bbox 523 2475 654 2544; x_wconf 88' lang='lat' dir='ltr'>veritatis,</span> <span class='ocrx_word' id='word_1_364' title='bbox 678 2485 706 2531; x_wconf 89' lang='lat' dir='ltr'>et</span> <span class='ocrx_word' id='word_1_365' title='bbox 725 2475 868 2548; x_wconf 70' lang='lat' dir='ltr'>sapientie</span> <span class='ocrx_word' id='word_1_366' title='bbox 883 2482 945 2543; x_wconf 87' lang='lat' dir='ltr'>tuae,</span> <span class='ocrx_word' id='word_1_367' title='bbox 1004 2484 1062 2532; x_wconf 88' lang='lat' dir='ltr'>tam</span> <span class='ocrx_word' id='word_1_368' title='bbox 1073 2476 1283 2549; x_wconf 86' lang='lat' dir='ltr'>dispensationis</span> <span class='ocrx_word' id='word_1_369' title='bbox 1298 2469 1533 2533; x_wconf 79' lang='lat' dir='ltr'>humanaecuusci</span> <span class='ocrx_word' id='word_1_370' title='bbox 1550 2474 1608 2531; x_wconf 84' lang='lat' dir='ltr'>Filii</span> <span class='ocrx_word' id='word_1_371' title='bbox 1620 2475 1658 2530; x_wconf 91' lang='lat' dir='ltr'>tui</span> <span class='ocrx_word' id='word_1_372' title='bbox 1672 2474 1800 2547; x_wconf 90' lang='lat' dir='ltr'>suspicio.</span> 
     </span>
     <span class='ocr_line' id='line_1_43' title="bbox 145 2562 1800 2641; baseline -0.003 -16"><span class='ocrx_word' id='word_1_373' title='bbox 145 2567 229 2625; x_wconf 86' lang='lat' dir='ltr'>corde</span> <span class='ocrx_word' id='word_1_374' title='bbox 243 2564 383 2622; x_wconf 90' lang='lat' dir='ltr'>immundo</span> <span class='ocrx_word' id='word_1_375' title='bbox 397 2562 466 2621; x_wconf 85' lang='lat' dir='ltr'>velle</span> <span class='ocrx_word' id='word_1_376' title='bbox 481 2563 576 2621; x_wconf 83' lang='lat' dir='ltr'>uidere</span> <span class='ocrx_word' id='word_1_377' title='bbox 601 2563 704 2621; x_wconf 78' lang='lat' dir='ltr'>Deum!</span> <span class='ocrx_word' id='word_1_378' title='bbox 722 2565 787 2632; x_wconf 88' lang='lat' dir='ltr'>Sed,</span> <span class='ocrx_word' id='word_1_379' title='bbox 803 2579 820 2620; x_wconf 95' lang='lat' dir='ltr'>o</span> <span class='ocrx_word' id='word_1_380' title='bbox 842 2581 947 2620; x_wconf 90' lang='lat' dir='ltr'>summa</span> <span class='ocrx_word' id='word_1_381' title='bbox 1004 2565 1059 2622; x_wconf 89' lang='lat' dir='ltr'>Sed</span> <span class='ocrx_word' id='word_1_382' title='bbox 1074 2582 1134 2622; x_wconf 92' lang='lat' dir='ltr'>cum</span> <span class='ocrx_word' id='word_1_383' title='bbox 1149 2566 1281 2624; x_wconf 86' lang='lat' dir='ltr'>accedere</span> <span class='ocrx_word' id='word_1_384' title='bbox 1294 2565 1384 2641; x_wconf 90' lang='lat' dir='ltr'>gestio</span> <span class='ocrx_word' id='word_1_385' title='bbox 1398 2565 1433 2621; x_wconf 89' lang='lat' dir='ltr'>ad</span> <span class='ocrx_word' id='word_1_386' title='bbox 1450 2581 1523 2631; x_wconf 89' lang='lat' dir='ltr'>eum,</span> <span class='ocrx_word' id='word_1_387' title='bbox 1538 2565 1581 2620; x_wconf 88' lang='lat' dir='ltr'>vel</span> <span class='ocrx_word' id='word_1_388' title='bbox 1596 2564 1665 2620; x_wconf 90' lang='lat' dir='ltr'>sicut</span> <span class='ocrx_word' id='word_1_389' title='bbox 1683 2567 1800 2622; x_wconf 79' lang='lat' dir='ltr'>haemor-</span> 
     </span>
     <span class='ocr_line' id='line_1_44' title="bbox 145 2652 1802 2726; baseline -0.002 -12"><span class='ocrx_word' id='word_1_390' title='bbox 145 2657 263 2726; x_wconf 87' lang='lat' dir='ltr'>honilas,</span> <span class='ocrx_word' id='word_1_391' title='bbox 278 2669 413 2710; x_wconf 92' lang='lat' dir='ltr'>summum</span> <span class='ocrx_word' id='word_1_392' title='bbox 428 2655 540 2721; x_wconf 91' lang='lat' dir='ltr'>honum,</span> <span class='ocrx_word' id='word_1_393' title='bbox 556 2652 611 2709; x_wconf 89' lang='lat' dir='ltr'>vita</span> <span class='ocrx_word' id='word_1_394' title='bbox 625 2653 759 2723; x_wconf 88' lang='lat' dir='ltr'>cordium,</span> <span class='ocrx_word' id='word_1_395' title='bbox 782 2654 827 2710; x_wconf 82' lang='lat' dir='ltr'>lux</span> <span class='ocrx_word' id='word_1_396' title='bbox 850 2654 946 2710; x_wconf 90' lang='lat' dir='ltr'>oculo·</span> <span class='ocrx_word' id='word_1_397' title='bbox 1003 2655 1089 2711; x_wconf 85' lang='lat' dir='ltr'>roissa</span> <span class='ocrx_word' id='word_1_398' title='bbox 1104 2655 1147 2711; x_wconf 93' lang='lat' dir='ltr'>illa</span> <span class='ocrx_word' id='word_1_399' title='bbox 1163 2655 1277 2711; x_wconf 85' lang='lat' dir='ltr'>intirmae</span> <span class='ocrx_word' id='word_1_400' title='bbox 1288 2664 1316 2712; x_wconf 93' lang='lat' dir='ltr'>et</span> <span class='ocrx_word' id='word_1_401' title='bbox 1331 2653 1438 2712; x_wconf 85' lang='lat' dir='ltr'>miserae</span> <span class='ocrx_word' id='word_1_402' title='bbox 1452 2655 1551 2711; x_wconf 82' lang='lat' dir='ltr'>auimae</span> <span class='ocrx_word' id='word_1_403' title='bbox 1559 2652 1802 2710; x_wconf 82' lang='lat' dir='ltr'>meaeasalutifero</span> 
     </span>
     <span class='ocr_line' id='line_1_45' title="bbox 146 2742 1800 2815; baseline -0.002 -14"><span class='ocrx_word' id='word_1_404' title='bbox 146 2761 204 2801; x_wconf 89' lang='lat' dir='ltr'>rum</span> <span class='ocrx_word' id='word_1_405' title='bbox 217 2744 387 2808; x_wconf 89' lang='lat' dir='ltr'>interiorum,</span> <span class='ocrx_word' id='word_1_406' title='bbox 404 2750 516 2814; x_wconf 91' lang='lat' dir='ltr'>propter</span> <span class='ocrx_word' id='word_1_407' title='bbox 540 2742 689 2797; x_wconf 89' lang='lat' dir='ltr'>honitatem</span> <span class='ocrx_word' id='word_1_408' title='bbox 715 2748 798 2809; x_wconf 89' lang='lat' dir='ltr'>tuam,</span> <span class='ocrx_word' id='word_1_409' title='bbox 818 2742 944 2808; x_wconf 85' lang='lat' dir='ltr'>Domine,</span> <span class='ocrx_word' id='word_1_410' title='bbox 1004 2752 1075 2800; x_wconf 89' lang='lat' dir='ltr'>tactu</span> <span class='ocrx_word' id='word_1_411' title='bbox 1090 2745 1133 2800; x_wconf 85' lang='lat' dir='ltr'>rel</span> <span class='ocrx_word' id='word_1_412' title='bbox 1147 2744 1262 2799; x_wconf 81' lang='lat' dir='ltr'>fimbriae</span> <span class='ocrx_word' id='word_1_413' title='bbox 1275 2745 1336 2813; x_wconf 89' lang='lat' dir='ltr'>ejus</span> <span class='ocrx_word' id='word_1_414' title='bbox 1350 2743 1426 2814; x_wconf 91' lang='lat' dir='ltr'>quasi</span> <span class='ocrx_word' id='word_1_415' title='bbox 1451 2743 1533 2798; x_wconf 87' lang='lat' dir='ltr'>iurari</span> <span class='ocrx_word' id='word_1_416' title='bbox 1552 2743 1642 2815; x_wconf 87' lang='lat' dir='ltr'>gestio</span> <span class='ocrx_word' id='word_1_417' title='bbox 1657 2742 1800 2798; x_wconf 88' lang='lat' dir='ltr'>sanitatem</span> 
     </span>
     <span class='ocr_line' id='line_1_46' title="bbox 145 2829 1800 2905; baseline -0.001 -17"><span class='ocrx_word' id='word_1_418' title='bbox 145 2832 289 2889; x_wconf 78' lang='lat' dir='ltr'>mherere:</span> <span class='ocrx_word' id='word_1_419' title='bbox 305 2831 364 2886; x_wconf 76' lang='lat' dir='ltr'>haec</span> <span class='ocrx_word' id='word_1_420' title='bbox 378 2837 420 2884; x_wconf 89' lang='lat' dir='ltr'>est</span> <span class='ocrx_word' id='word_1_421' title='bbox 434 2829 507 2885; x_wconf 91' lang='lat' dir='ltr'>enim</span> <span class='ocrx_word' id='word_1_422' title='bbox 522 2830 662 2887; x_wconf 89' lang='lat' dir='ltr'>mundatio</span> <span class='ocrx_word' id='word_1_423' title='bbox 676 2846 747 2900; x_wconf 91' lang='lat' dir='ltr'>mea,</span> <span class='ocrx_word' id='word_1_424' title='bbox 768 2833 826 2887; x_wconf 85' lang='lat' dir='ltr'>haec</span> <span class='ocrx_word' id='word_1_425' title='bbox 847 2829 945 2886; x_wconf 81' lang='lat' dir='ltr'>fiducia</span> <span class='ocrx_word' id='word_1_426' title='bbox 1001 2833 1114 2904; x_wconf 75' lang='lat' dir='ltr'>(batth.</span> <span class='ocrx_word' id='word_1_427' title='bbox 1130 2847 1170 2900; x_wconf 81' lang='lat' dir='ltr'>rx,</span> <span class='ocrx_word' id='word_1_428' title='bbox 1186 2836 1220 2889; x_wconf 77' lang='lat'>2⁰</span> <span class='ocrx_word' id='word_1_429' title='bbox 1235 2832 1295 2905; x_wconf 67' lang='lat' dir='ltr'>etl:</span> <span class='ocrx_word' id='word_1_430' title='bbox 1316 2831 1359 2888; x_wconf 87' lang='lat' dir='ltr'>vel</span> <span class='ocrx_word' id='word_1_431' title='bbox 1382 2833 1450 2888; x_wconf 89' lang='lat' dir='ltr'>sicut</span> <span class='ocrx_word' id='word_1_432' title='bbox 1472 2832 1588 2887; x_wconf 89' lang='lat' dir='ltr'>Thomas</span> <span class='ocrx_word' id='word_1_433' title='bbox 1607 2829 1704 2889; x_wconf 76' lang='lat' dir='ltr'>illevit</span> <span class='ocrx_word' id='word_1_434' title='bbox 1727 2831 1800 2887; x_wconf 90' lang='lat' dir='ltr'>desi·</span> 
     </span>
     <span class='ocr_line' id='line_1_47' title="bbox 146 2918 1800 2995; baseline -0.001 -19"><span class='ocrx_word' id='word_1_435' title='bbox 146 2938 216 2987; x_wconf 89' lang='lat' dir='ltr'>urea,</span> <span class='ocrx_word' id='word_1_436' title='bbox 233 2922 290 2976; x_wconf 82' lang='lat' dir='ltr'>haec</span> <span class='ocrx_word' id='word_1_437' title='bbox 303 2918 417 2988; x_wconf 85' lang='lat' dir='ltr'>justitia,</span> <span class='ocrx_word' id='word_1_438' title='bbox 434 2919 626 2991; x_wconf 89' lang='lat' dir='ltr'>contemplatio</span> <span class='ocrx_word' id='word_1_439' title='bbox 641 2919 769 2984; x_wconf 89' lang='lat' dir='ltr'>bonitatis</span> <span class='ocrx_word' id='word_1_440' title='bbox 789 2927 851 2987; x_wconf 84' lang='lat' dir='ltr'>tuae,</span> <span class='ocrx_word' id='word_1_441' title='bbox 873 2918 945 2977; x_wconf 89' lang='lat' dir='ltr'>hone</span> <span class='ocrx_word' id='word_1_442' title='bbox 1001 2921 1149 2986; x_wconf 91' lang='lat' dir='ltr'>deriorum,</span> <span class='ocrx_word' id='word_1_443' title='bbox 1175 2927 1259 2977; x_wconf 88' lang='lat' dir='ltr'>tolum</span> <span class='ocrx_word' id='word_1_444' title='bbox 1283 2936 1345 2977; x_wconf 87' lang='lat' dir='ltr'>eum</span> <span class='ocrx_word' id='word_1_445' title='bbox 1369 2919 1495 2977; x_wconf 89' lang='lat' dir='ltr'>desidero</span> <span class='ocrx_word' id='word_1_446' title='bbox 1515 2920 1609 2978; x_wconf 89' lang='lat' dir='ltr'>videre</span> <span class='ocrx_word' id='word_1_447' title='bbox 1624 2927 1653 2976; x_wconf 89' lang='lat' dir='ltr'>et</span> <span class='ocrx_word' id='word_1_448' title='bbox 1667 2928 1800 2995; x_wconf 86' lang='lat' dir='ltr'>taugere;</span> 
     </span>
     <span class='ocr_line' id='line_1_48' title="bbox 145 2978 1798 3082; baseline -0.003 -13"><span class='ocrx_word' id='word_1_449' title='bbox 145 3009 271 3069; x_wconf 85' lang='lat' dir='ltr'>Domine.</span> <span class='ocrx_word' id='word_1_450' title='bbox 288 3009 373 3082; x_wconf 82' lang='lat' dir='ltr'>Ergo,</span> <span class='ocrx_word' id='word_1_451' title='bbox 393 3007 540 3064; x_wconf 87' lang='lat' dir='ltr'>oDomine</span> <span class='ocrx_word' id='word_1_452' title='bbox 551 3009 625 3065; x_wconf 87' lang='lat' dir='ltr'>Deus</span> <span class='ocrx_word' id='word_1_453' title='bbox 640 3024 727 3076; x_wconf 90' lang='lat' dir='ltr'>meus,</span> <span class='ocrx_word' id='word_1_454' title='bbox 744 3009 787 3081; x_wconf 92' lang='lat' dir='ltr'>qui</span> <span class='ocrx_word' id='word_1_455' title='bbox 803 3009 871 3065; x_wconf 90' lang='lat' dir='ltr'>dicis</span> <span class='ocrx_word' id='word_1_456' title='bbox 885 3009 944 3065; x_wconf 87' lang='lat' dir='ltr'>ani·</span> <span class='ocrx_word' id='word_1_457' title='bbox 962 2978 984 3058; x_wconf 71' lang='lat' dir='ltr'><strong>c</strong></span> <span class='ocrx_word' id='word_1_458' title='bbox 1001 3016 1029 3065; x_wconf 91' lang='lat' dir='ltr'>et</span> <span class='ocrx_word' id='word_1_459' title='bbox 1043 3025 1096 3066; x_wconf 90' lang='lat' dir='ltr'>non</span> <span class='ocrx_word' id='word_1_460' title='bbox 1112 3010 1209 3076; x_wconf 89' lang='lat' dir='ltr'>solum,</span> <span class='ocrx_word' id='word_1_461' title='bbox 1225 3009 1274 3065; x_wconf 87' lang='lat' dir='ltr'>sed</span> <span class='ocrx_word' id='word_1_462' title='bbox 1289 3011 1421 3066; x_wconf 85' lang='lat' dir='ltr'>accedere</span> <span class='ocrx_word' id='word_1_463' title='bbox 1435 3010 1469 3065; x_wconf 89' lang='lat' dir='ltr'>ad</span> <span class='ocrx_word' id='word_1_464' title='bbox 1484 3016 1685 3066; x_wconf 85' lang='lat' dir='ltr'>sacrosanctum</span> <span class='ocrx_word' id='word_1_465' title='bbox 1704 3007 1798 3066; x_wconf 87' lang='lat' dir='ltr'>lateris</span> 
     </span>
     <span class='ocr_line' id='line_1_49' title="bbox 145 3096 1798 3171; baseline 0.001 -16"><span class='ocrx_word' id='word_1_466' title='bbox 145 3115 197 3155; x_wconf 84' lang='lat' dir='ltr'>mae</span> <span class='ocrx_word' id='word_1_467' title='bbox 220 3114 299 3164; x_wconf 75' lang='lat' dir='ltr'>meaa,</span> <span class='ocrx_word' id='word_1_468' title='bbox 315 3098 397 3153; x_wconf 90' lang='lat' dir='ltr'>modo</span> <span class='ocrx_word' id='word_1_469' title='bbox 422 3112 475 3169; x_wconf 89' lang='lat' dir='ltr'>quo</span> <span class='ocrx_word' id='word_1_470' title='bbox 496 3102 524 3152; x_wconf 90' lang='lat' dir='ltr'>tu</span> <span class='ocrx_word' id='word_1_471' title='bbox 545 3096 608 3164; x_wconf 91' lang='lat' dir='ltr'>scis,</span> <span class='ocrx_word' id='word_1_472' title='bbox 635 3099 719 3155; x_wconf 85' lang='lat' dir='ltr'>Solos</span> <span class='ocrx_word' id='word_1_473' title='bbox 742 3104 794 3154; x_wconf 83' lang='lat' dir='ltr'>too</span> <span class='ocrx_word' id='word_1_474' title='bbox 811 3114 859 3170; x_wconf 81' lang='lat' dir='ltr'>epo</span> <span class='ocrx_word' id='word_1_475' title='bbox 882 3115 946 3156; x_wconf 86' lang='lat' dir='ltr'>sum</span> <span class='ocrx_word' id='word_1_476' title='bbox 1002 3099 1062 3168; x_wconf 87' lang='lat' dir='ltr'>ejus</span> <span class='ocrx_word' id='word_1_477' title='bbox 1076 3099 1183 3167; x_wconf 89' lang='lat' dir='ltr'>vulnus,</span> <span class='ocrx_word' id='word_1_478' title='bbox 1200 3099 1298 3155; x_wconf 90' lang='lat' dir='ltr'>ostium</span> <span class='ocrx_word' id='word_1_479' title='bbox 1317 3115 1387 3155; x_wconf 84' lang='lat' dir='ltr'>arcae</span> <span class='ocrx_word' id='word_1_480' title='bbox 1401 3099 1475 3171; x_wconf 92' lang='lat' dir='ltr'>quod</span> <span class='ocrx_word' id='word_1_481' title='bbox 1490 3099 1590 3156; x_wconf 89' lang='lat' dir='ltr'>iactum</span> <span class='ocrx_word' id='word_1_482' title='bbox 1604 3107 1649 3157; x_wconf 92' lang='lat' dir='ltr'>est</span> <span class='ocrx_word' id='word_1_483' title='bbox 1661 3100 1688 3155; x_wconf 90' lang='lat' dir='ltr'>in</span> <span class='ocrx_word' id='word_1_484' title='bbox 1702 3099 1798 3170; x_wconf 85' lang='lat' dir='ltr'>latera,</span> 
     </span>
     <span class='ocr_line' id='line_1_50' title="bbox 147 3185 1799 3262; baseline -0.001 -15"><span class='ocrx_word' id='word_1_485' title='bbox 147 3191 235 3260; x_wconf 82' lang='lat' dir='ltr'>(Psoi.</span> <span class='ocrx_word' id='word_1_486' title='bbox 250 3203 352 3252; x_wconf 78' lang='lat' dir='ltr'>xxxiv,</span> <span class='ocrx_word' id='word_1_487' title='bbox 369 3188 411 3256; x_wconf 75' lang='lat' dir='ltr'>al:</span> <span class='ocrx_word' id='word_1_488' title='bbox 428 3185 553 3256; x_wconf 87' lang='lat' dir='ltr'>rabboni,</span> <span class='ocrx_word' id='word_1_489' title='bbox 571 3203 677 3244; x_wconf 88' lang='lat' dir='ltr'>summe</span> <span class='ocrx_word' id='word_1_490' title='bbox 702 3187 842 3262; x_wconf 87' lang='lat' dir='ltr'>uragister,</span> <span class='ocrx_word' id='word_1_491' title='bbox 866 3188 946 3245; x_wconf 88' lang='lat' dir='ltr'>unice</span> <span class='ocrx_word' id='word_1_492' title='bbox 1002 3195 1030 3242; x_wconf 89' lang='grc' dir='ltr'>ιιι</span> <span class='ocrx_word' id='word_1_493' title='bbox 1047 3202 1100 3243; x_wconf 90' lang='lat' dir='ltr'>non</span> <span class='ocrx_word' id='word_1_494' title='bbox 1116 3195 1219 3243; x_wconf 89' lang='lat' dir='ltr'>tantum</span> <span class='ocrx_word' id='word_1_495' title='bbox 1239 3188 1343 3243; x_wconf 88' lang='lat' dir='ltr'>mittam</span> <span class='ocrx_word' id='word_1_496' title='bbox 1366 3188 1480 3261; x_wconf 88' lang='lat' dir='ltr'>digitum</span> <span class='ocrx_word' id='word_1_497' title='bbox 1504 3188 1547 3245; x_wconf 86' lang='lat' dir='ltr'>vel</span> <span class='ocrx_word' id='word_1_498' title='bbox 1570 3195 1652 3245; x_wconf 90' lang='lat' dir='ltr'>totam</span> <span class='ocrx_word' id='word_1_499' title='bbox 1677 3203 1799 3255; x_wconf 87' lang='lat' dir='ltr'>manum,</span> 
     </span>
     <span class='ocr_line' id='line_1_51' title="bbox 146 3275 1800 3349; baseline -0.001 -14"><span class='ocrx_word' id='word_1_500' title='bbox 146 3280 242 3336; x_wconf 90' lang='lat' dir='ltr'>doctor</span> <span class='ocrx_word' id='word_1_501' title='bbox 251 3276 362 3334; x_wconf 88' lang='lat' dir='ltr'>videndi</span> <span class='ocrx_word' id='word_1_502' title='bbox 377 3275 543 3348; x_wconf 84' lang='lat' dir='ltr'>quaevidece</span> <span class='ocrx_word' id='word_1_503' title='bbox 558 3275 696 3346; x_wconf 89' lang='lat' dir='ltr'>desidero,</span> <span class='ocrx_word' id='word_1_504' title='bbox 708 3275 752 3332; x_wconf 91' lang='lat' dir='ltr'>dic</span> <span class='ocrx_word' id='word_1_505' title='bbox 766 3293 861 3343; x_wconf 75' lang='lat' dir='ltr'>cerro,</span> <span class='ocrx_word' id='word_1_506' title='bbox 872 3294 947 3332; x_wconf 87' lang='lat' dir='ltr'>rnen·</span> <span class='ocrx_word' id='word_1_507' title='bbox 1001 3276 1051 3332; x_wconf 90' lang='lat' dir='ltr'>scd</span> <span class='ocrx_word' id='word_1_508' title='bbox 1067 3284 1138 3332; x_wconf 88' lang='lat' dir='ltr'>totus</span> <span class='ocrx_word' id='word_1_509' title='bbox 1154 3278 1251 3332; x_wconf 91' lang='lat' dir='ltr'>intrem</span> <span class='ocrx_word' id='word_1_510' title='bbox 1265 3277 1399 3349; x_wconf 85' lang='lat' dir='ltr'>usquead</span> <span class='ocrx_word' id='word_1_511' title='bbox 1414 3277 1501 3348; x_wconf 89' lang='lat' dir='ltr'>ipsum</span> <span class='ocrx_word' id='word_1_512' title='bbox 1517 3293 1565 3333; x_wconf 92' lang='lat' dir='ltr'>cor</span> <span class='ocrx_word' id='word_1_513' title='bbox 1585 3277 1659 3344; x_wconf 82' lang='lat' dir='ltr'>lesu,</span> <span class='ocrx_word' id='word_1_514' title='bbox 1673 3277 1703 3333; x_wconf 93' lang='lat' dir='ltr'>in</span> <span class='ocrx_word' id='word_1_515' title='bbox 1725 3279 1800 3334; x_wconf 87' lang='lat' dir='ltr'>San·</span> 
     </span>
     <span class='ocr_line' id='line_1_52' title="bbox 146 3365 1801 3438; baseline -0.001 -14"><span class='ocrx_word' id='word_1_516' title='bbox 146 3369 207 3424; x_wconf 91' lang='lat' dir='ltr'>dico</span> <span class='ocrx_word' id='word_1_517' title='bbox 222 3376 278 3433; x_wconf 91' lang='lat' dir='ltr'>tuo,</span> <span class='ocrx_word' id='word_1_518' title='bbox 297 3366 369 3437; x_wconf 82' lang='lat' dir='ltr'>Quid</span> <span class='ocrx_word' id='word_1_519' title='bbox 382 3365 425 3423; x_wconf 82' lang='lat' dir='ltr'>eis</span> <span class='ocrx_word' id='word_1_520' title='bbox 436 3365 545 3437; x_wconf 74' lang='lat' dir='ltr'>sociam</span> <span class='ocrx_word' id='word_1_521' title='bbox 561 3365 725 3438; x_wconf 82' lang='lat' dir='ltr'>iibi?(bcc.</span> <span class='ocrx_word' id='word_1_522' title='bbox 739 3380 820 3432; x_wconf 81' lang='lat' dir='ltr'>xvrrr,</span> <span class='ocrx_word' id='word_1_523' title='bbox 836 3367 894 3438; x_wconf 81' lang='lat' dir='ltr'>bl.)</span> <span class='ocrx_word' id='word_1_524' title='bbox 913 3367 947 3420; x_wconf 73' lang='lat' dir='ltr'>lit</span> <span class='ocrx_word' id='word_1_525' title='bbox 1001 3375 1074 3422; x_wconf 88' lang='lat' dir='ltr'>ctum</span> <span class='ocrx_word' id='word_1_526' title='bbox 1098 3375 1262 3433; x_wconf 85' lang='lat' dir='ltr'>sanctorum,</span> <span class='ocrx_word' id='word_1_527' title='bbox 1288 3367 1314 3419; x_wconf 93' lang='lat' dir='ltr'>in</span> <span class='ocrx_word' id='word_1_528' title='bbox 1337 3383 1426 3423; x_wconf 90' lang='lat' dir='ltr'>arcam</span> <span class='ocrx_word' id='word_1_529' title='bbox 1443 3367 1612 3436; x_wconf 83' lang='lat' dir='ltr'>testamcuti;</span> <span class='ocrx_word' id='word_1_530' title='bbox 1641 3365 1676 3422; x_wconf 89' lang='lat' dir='ltr'>ad</span> <span class='ocrx_word' id='word_1_531' title='bbox 1704 3383 1801 3424; x_wconf 88' lang='lat' dir='ltr'>urnam</span> 
     </span>
     <span class='ocr_line' id='line_1_53' title="bbox 146 3454 1801 3538; baseline -0.002 -24"><span class='ocrx_word' id='word_1_532' title='bbox 146 3465 175 3514; x_wconf 88' lang='lat' dir='ltr'>tn</span> <span class='ocrx_word' id='word_1_533' title='bbox 189 3457 252 3522; x_wconf 91' lang='lat' dir='ltr'>scis,</span> <span class='ocrx_word' id='word_1_534' title='bbox 277 3457 323 3528; x_wconf 90' lang='lat' dir='ltr'>qui</span> <span class='ocrx_word' id='word_1_535' title='bbox 341 3457 398 3538; x_wconf 72' lang='lat' dir='ltr'>jann</span> <span class='ocrx_word' id='word_1_536' title='bbox 422 3456 473 3512; x_wconf 91' lang='lat' dir='ltr'>hoc</span> <span class='ocrx_word' id='word_1_537' title='bbox 496 3454 584 3527; x_wconf 88' lang='lat' dir='ltr'>ipsum</span> <span class='ocrx_word' id='word_1_538' title='bbox 603 3455 662 3524; x_wconf 91' lang='lat' dir='ltr'>das,</span> <span class='ocrx_word' id='word_1_539' title='bbox 676 3471 757 3527; x_wconf 88' lang='lat' dir='ltr'>quam</span> <span class='ocrx_word' id='word_1_540' title='bbox 771 3471 806 3517; x_wconf 80' lang='lat' dir='ltr'>aa</span> <span class='ocrx_word' id='word_1_541' title='bbox 819 3455 947 3511; x_wconf 88' lang='lat' dir='ltr'>omnibus</span> <span class='ocrx_word' id='word_1_542' title='bbox 1002 3472 1124 3525; x_wconf 88' lang='lat' dir='ltr'>auream,</span> <span class='ocrx_word' id='word_1_543' title='bbox 1153 3455 1271 3510; x_wconf 88' lang='lat' dir='ltr'>animam</span> <span class='ocrx_word' id='word_1_544' title='bbox 1292 3461 1392 3510; x_wconf 90' lang='lat' dir='ltr'>nostrae</span> <span class='ocrx_word' id='word_1_545' title='bbox 1413 3455 1588 3512; x_wconf 87' lang='lat' dir='ltr'>humanitatis</span> <span class='ocrx_word' id='word_1_546' title='bbox 1613 3455 1801 3515; x_wconf 83' lang='lat' dir='ltr'>continentem</span> 
     </span>
     <span class='ocr_line' id='line_1_54' title="bbox 147 3528 1801 3616; baseline -0.001 -14"><span class='ocrx_word' id='word_1_547' title='bbox 147 3546 203 3603; x_wconf 88' lang='lat' dir='ltr'>suis</span> <span class='ocrx_word' id='word_1_548' title='bbox 217 3545 379 3608; x_wconf 89' lang='lat' dir='ltr'>recessibus,</span> <span class='ocrx_word' id='word_1_549' title='bbox 396 3543 510 3615; x_wconf 86' lang='lat' dir='ltr'>abjectis</span> <span class='ocrx_word' id='word_1_550' title='bbox 525 3542 620 3616; x_wconf 93' lang='lat' dir='ltr'>procul</span> <span class='ocrx_word' id='word_1_551' title='bbox 633 3544 759 3600; x_wconf 88' lang='lat' dir='ltr'>omnihus</span> <span class='ocrx_word' id='word_1_552' title='bbox 779 3543 870 3601; x_wconf 84' lang='lat' dir='ltr'>saeculi</span> <span class='ocrx_word' id='word_1_553' title='bbox 893 3544 945 3599; x_wconf 92' lang='lat' dir='ltr'>hu·</span> <span class='ocrx_word' id='word_1_554' title='bbox 1003 3547 1072 3601; x_wconf 91' lang='lat' dir='ltr'>intra</span> <span class='ocrx_word' id='word_1_555' title='bbox 1087 3561 1117 3601; x_wconf 91' lang='lat' dir='ltr'>sc</span> <span class='ocrx_word' id='word_1_556' title='bbox 1128 3528 1404 3600; x_wconf 77' lang='lat' dir='ltr'>raanua‘dirinitatis:</span> <span class='ocrx_word' id='word_1_557' title='bbox 1427 3546 1495 3600; x_wconf 86' lang='lat' dir='ltr'>haul</span> <span class='ocrx_word' id='word_1_558' title='bbox 1520 3544 1619 3601; x_wconf 87' lang='lat' dir='ltr'>dicitur</span> <span class='ocrx_word' id='word_1_559' title='bbox 1643 3545 1719 3611; x_wconf 84' lang='lat' dir='ltr'>mihi,</span> <span class='ocrx_word' id='word_1_560' title='bbox 1736 3546 1801 3603; x_wconf 77' lang='lat' dir='ltr'>illoti</span> 
     </span>
     <span class='ocr_line' id='line_1_55' title="bbox 145 3629 1799 3708; baseline -0.002 -14"><span class='ocrx_word' id='word_1_561' title='bbox 145 3638 190 3708; x_wconf 82' lang='lat' dir='ltr'>jus</span> <span class='ocrx_word' id='word_1_562' title='bbox 205 3634 400 3703; x_wconf 88' lang='lat' dir='ltr'>altitudinibus,</span> <span class='ocrx_word' id='word_1_563' title='bbox 416 3633 671 3706; x_wconf 82' lang='lat' dir='ltr'>pulchritudinibus,</span> <span class='ocrx_word' id='word_1_564' title='bbox 696 3633 895 3701; x_wconf 88' lang='lat' dir='ltr'>dulcedinibus,</span> <span class='ocrx_word' id='word_1_565' title='bbox 917 3642 946 3690; x_wconf 90' lang='lat' dir='ltr'>et</span> <span class='ocrx_word' id='word_1_566' title='bbox 1001 3652 1047 3693; x_wconf 86' lang='lat' dir='ltr'>me</span> <span class='ocrx_word' id='word_1_567' title='bbox 1063 3634 1280 3707; x_wconf 69' lang='lat' dir='ltr'>tangereqloera.</span> <span class='ocrx_word' id='word_1_568' title='bbox 1297 3648 1349 3700; x_wconf 81' lang='lat' dir='ltr'>xx,</span> <span class='ocrx_word' id='word_1_569' title='bbox 1365 3635 1409 3698; x_wconf 68' lang='grc' dir='ltr'>ιι,</span> <span class='ocrx_word' id='word_1_570' title='bbox 1426 3634 1486 3702; x_wconf 78' lang='lat' dir='ltr'>li);</span> <span class='ocrx_word' id='word_1_571' title='bbox 1509 3645 1537 3689; x_wconf 86' lang='lat' dir='ltr'>et</span> <span class='ocrx_word' id='word_1_572' title='bbox 1553 3633 1617 3688; x_wconf 87' lang='lat' dir='ltr'>illed</span> <span class='ocrx_word' id='word_1_573' title='bbox 1632 3635 1667 3689; x_wconf 90' lang='lat' dir='ltr'>de</span> <span class='ocrx_word' id='word_1_574' title='bbox 1691 3629 1799 3706; x_wconf 73' lang='lat' dir='ltr'>h&#39;poca·</span> 
     </span>
     <span class='ocr_line' id='line_1_56' title="bbox 147 3721 1801 3797; baseline -0.001 -18"><span class='ocrx_word' id='word_1_575' title='bbox 147 3722 277 3797; x_wconf 89' lang='lat' dir='ltr'>quidquid</span> <span class='ocrx_word' id='word_1_576' title='bbox 292 3721 538 3793; x_wconf 88' lang='lat' dir='ltr'>concupiscentiam</span> <span class='ocrx_word' id='word_1_577' title='bbox 553 3722 653 3787; x_wconf 89' lang='lat' dir='ltr'>caruis,</span> <span class='ocrx_word' id='word_1_578' title='bbox 673 3721 716 3778; x_wconf 88' lang='lat' dir='ltr'>vel</span> <span class='ocrx_word' id='word_1_579' title='bbox 735 3721 887 3789; x_wconf 89' lang='lat' dir='ltr'>oculorum,</span> <span class='ocrx_word' id='word_1_580' title='bbox 902 3721 946 3778; x_wconf 85' lang='lat' dir='ltr'>vel</span> <span class='ocrx_word' id='word_1_581' title='bbox 1002 3724 1081 3796; x_wconf 86' lang='lat' dir='ltr'>lypsi,</span> <span class='ocrx_word' id='word_1_582' title='bbox 1098 3723 1176 3778; x_wconf 81' lang='lat' dir='ltr'>Foris</span> <span class='ocrx_word' id='word_1_583' title='bbox 1190 3736 1273 3777; x_wconf 83' lang='lat' dir='ltr'>cenes</span> <span class='ocrx_word' id='word_1_584' title='bbox 1288 3721 1381 3793; x_wconf 71' lang='lat' dir='ltr'>(apoc.</span> <span class='ocrx_word' id='word_1_585' title='bbox 1397 3734 1470 3788; x_wconf 81' lang='lat' dir='ltr'>xxrr,</span> <span class='ocrx_word' id='word_1_586' title='bbox 1487 3721 1546 3794; x_wconf 85' lang='lat' dir='ltr'>tb):</span> <span class='ocrx_word' id='word_1_587' title='bbox 1572 3721 1665 3796; x_wconf 88' lang='lat' dir='ltr'>sicque</span> <span class='ocrx_word' id='word_1_588' title='bbox 1678 3738 1741 3778; x_wconf 90' lang='lat' dir='ltr'>cum</span> <span class='ocrx_word' id='word_1_589' title='bbox 1755 3722 1801 3778; x_wconf 90' lang='lat' dir='ltr'>di·</span> 
     </span>
     <span class='ocr_line' id='line_1_57' title="bbox 146 3809 1800 3885; baseline -0.001 -17"><span class='ocrx_word' id='word_1_590' title='bbox 146 3811 322 3868; x_wconf 90' lang='lat' dir='ltr'>ambitionem</span> <span class='ocrx_word' id='word_1_591' title='bbox 337 3809 446 3881; x_wconf 80' lang='lat' dir='ltr'>spiritus</span> <span class='ocrx_word' id='word_1_592' title='bbox 460 3816 596 3865; x_wconf 88' lang='lat' dir='ltr'>attentare</span> <span class='ocrx_word' id='word_1_593' title='bbox 611 3816 712 3881; x_wconf 88' lang='lat' dir='ltr'>potest,</span> <span class='ocrx_word' id='word_1_594' title='bbox 728 3809 771 3867; x_wconf 84' lang='lat' dir='ltr'>vel</span> <span class='ocrx_word' id='word_1_595' title='bbox 794 3811 871 3880; x_wconf 88' lang='lat' dir='ltr'>solet,</span> <span class='ocrx_word' id='word_1_596' title='bbox 898 3811 945 3868; x_wconf 92' lang='lat' dir='ltr'>tihi</span> <span class='ocrx_word' id='word_1_597' title='bbox 1002 3813 1065 3885; x_wconf 89' lang='lat' dir='ltr'>guis</span> <span class='ocrx_word' id='word_1_598' title='bbox 1082 3809 1256 3868; x_wconf 84' lang='lat' dir='ltr'>conscientiae</span> <span class='ocrx_word' id='word_1_599' title='bbox 1279 3825 1349 3867; x_wconf 86' lang='lat' dir='ltr'>meae</span> <span class='ocrx_word' id='word_1_600' title='bbox 1367 3809 1526 3866; x_wconf 85' lang='lat' dir='ltr'>verberibus</span> <span class='ocrx_word' id='word_1_601' title='bbox 1544 3810 1673 3883; x_wconf 83' lang='lat' dir='ltr'>expulsus</span> <span class='ocrx_word' id='word_1_602' title='bbox 1691 3818 1719 3868; x_wconf 89' lang='lat' dir='ltr'>et</span> <span class='ocrx_word' id='word_1_603' title='bbox 1734 3826 1800 3884; x_wconf 92' lang='lat' dir='ltr'>pro·</span> 
     </span>
     <span class='ocr_line' id='line_1_58' title="bbox 146 3897 1799 3973; baseline -0.001 -17"><span class='ocrx_word' id='word_1_604' title='bbox 146 3901 218 3958; x_wconf 86' lang='lat' dir='ltr'>dicat</span> <span class='ocrx_word' id='word_1_605' title='bbox 233 3916 282 3956; x_wconf 86' lang='lat' dir='ltr'>cor</span> <span class='ocrx_word' id='word_1_606' title='bbox 296 3915 400 3956; x_wconf 90' lang='lat' dir='ltr'>meum:</span> <span class='ocrx_word' id='word_1_607' title='bbox 418 3899 579 3972; x_wconf 71' lang='lat' dir='ltr'>disquisivit</span> <span class='ocrx_word' id='word_1_608' title='bbox 594 3904 621 3955; x_wconf 87' lang='lat' dir='ltr'>te</span> <span class='ocrx_word' id='word_1_609' title='bbox 634 3901 723 3971; x_wconf 73' lang='lat' dir='ltr'>socies</span> <span class='ocrx_word' id='word_1_610' title='bbox 743 3915 822 3968; x_wconf 86' lang='lat' dir='ltr'>mec,·</span> <span class='ocrx_word' id='word_1_611' title='bbox 841 3903 945 3971; x_wconf 80' lang='lat' dir='ltr'>faeiem</span> <span class='ocrx_word' id='word_1_612' title='bbox 1005 3902 1108 3973; x_wconf 89' lang='lat' dir='ltr'>pulsus,</span> <span class='ocrx_word' id='word_1_613' title='bbox 1131 3897 1312 3971; x_wconf 87' lang='lat' dir='ltr'>improbitatis</span> <span class='ocrx_word' id='word_1_614' title='bbox 1335 3907 1362 3954; x_wconf 89' lang='lat' dir='ltr'>et</span> <span class='ocrx_word' id='word_1_615' title='bbox 1383 3899 1601 3972; x_wconf 74' lang='lat' dir='ltr'>presumptionis</span> <span class='ocrx_word' id='word_1_616' title='bbox 1619 3917 1688 3958; x_wconf 87' lang='lat' dir='ltr'>meae</span> <span class='ocrx_word' id='word_1_617' title='bbox 1703 3916 1799 3973; x_wconf 84' lang='lat' dir='ltr'>poenas</span> 
     </span>
     <span class='ocr_line' id='line_1_59' title="bbox 148 3987 1801 4064; baseline 0 -18"><span class='ocrx_word' id='word_1_618' title='bbox 148 3987 543 4061; x_wconf 81' lang='lat' dir='ltr'>tuom,bomioe,reqoircm.</span> <span class='ocrx_word' id='word_1_619' title='bbox 560 3989 945 4061; x_wconf 72' lang='lat' dir='ltr'>Ncccertcsseciemtccme</span> <span class='ocrx_word' id='word_1_620' title='bbox 1003 4007 1087 4064; x_wconf 81' lang='lat' dir='ltr'>cogor</span> <span class='ocrx_word' id='word_1_621' title='bbox 1101 3991 1190 4057; x_wconf 89' lang='lat' dir='ltr'>luere;</span> <span class='ocrx_word' id='word_1_622' title='bbox 1207 4004 1369 4061; x_wconf 88' lang='lat' dir='ltr'>rursumque</span> <span class='ocrx_word' id='word_1_623' title='bbox 1382 3989 1411 4044; x_wconf 94' lang='lat' dir='ltr'>in</span> <span class='ocrx_word' id='word_1_624' title='bbox 1426 3998 1531 4060; x_wconf 89' lang='lat' dir='ltr'>petram</span> <span class='ocrx_word' id='word_1_625' title='bbox 1555 4005 1643 4046; x_wconf 90' lang='lat' dir='ltr'>meam</span> <span class='ocrx_word' id='word_1_626' title='bbox 1666 4008 1710 4046; x_wconf 86' lang='lat' dir='ltr'>me</span> <span class='ocrx_word' id='word_1_627' title='bbox 1732 3990 1801 4047; x_wconf 84' lang='lat' dir='ltr'>reci·</span> 
     </span>
     <span class='ocr_line' id='line_1_60' title="bbox 147 4075 1798 4152; baseline -0.001 -17"><span class='ocrx_word' id='word_1_628' title='bbox 147 4094 206 4145; x_wconf 87' lang='lat' dir='ltr'>me,·</span> <span class='ocrx_word' id='word_1_629' title='bbox 217 4092 254 4132; x_wconf 80' lang='lat' dir='ltr'>ac</span> <span class='ocrx_word' id='word_1_630' title='bbox 269 4075 394 4134; x_wconf 80' lang='lat' dir='ltr'>declines</span> <span class='ocrx_word' id='word_1_631' title='bbox 408 4075 441 4131; x_wconf 83' lang='lat' dir='ltr'>ia</span> <span class='ocrx_word' id='word_1_632' title='bbox 456 4077 502 4132; x_wconf 79' lang='lat' dir='ltr'>ira</span> <span class='ocrx_word' id='word_1_633' title='bbox 514 4079 595 4131; x_wconf 86' lang='lat' dir='ltr'>tooc</span> <span class='ocrx_word' id='word_1_634' title='bbox 614 4092 691 4133; x_wconf 83' lang='lat' dir='ltr'>seruo</span> <span class='ocrx_word' id='word_1_635' title='bbox 704 4081 753 4132; x_wconf 81' lang='lat' dir='ltr'>teo</span> <span class='ocrx_word' id='word_1_636' title='bbox 764 4079 850 4149; x_wconf 82' lang='lat' dir='ltr'>(Psoi.</span> <span class='ocrx_word' id='word_1_637' title='bbox 864 4093 945 4147; x_wconf 83' lang='lat' dir='ltr'>xxvr,</span> <span class='ocrx_word' id='word_1_638' title='bbox 1003 4081 1090 4152; x_wconf 89' lang='lat' dir='ltr'>piens,</span> <span class='ocrx_word' id='word_1_639' title='bbox 1107 4095 1169 4152; x_wconf 87' lang='lat' dir='ltr'>quae</span> <span class='ocrx_word' id='word_1_640' title='bbox 1185 4077 1318 4152; x_wconf 79' lang='lat' dir='ltr'>refugium</span> <span class='ocrx_word' id='word_1_641' title='bbox 1337 4086 1379 4134; x_wconf 90' lang='lat' dir='ltr'>est</span> <span class='ocrx_word' id='word_1_642' title='bbox 1393 4078 1539 4136; x_wconf 89' lang='lat' dir='ltr'>herinaciis</span> <span class='ocrx_word' id='word_1_643' title='bbox 1551 4080 1640 4151; x_wconf 83' lang='lat' dir='ltr'>(Paul.</span> <span class='ocrx_word' id='word_1_644' title='bbox 1656 4095 1715 4144; x_wconf 89' lang='lat' dir='ltr'>crrr,</span> <span class='ocrx_word' id='word_1_645' title='bbox 1742 4081 1798 4150; x_wconf 80' lang='lat' dir='ltr'>la),</span> 
     </span>
     <span class='ocr_line' id='line_1_61' title="bbox 147 4166 1801 4242; baseline -0.002 -19"><span class='ocrx_word' id='word_1_646' title='bbox 147 4172 176 4233; x_wconf 84' lang='lat'>8,</span> <span class='ocrx_word' id='word_1_647' title='bbox 191 4169 229 4236; x_wconf 84' lang='grc'>9).</span> <span class='ocrx_word' id='word_1_648' title='bbox 1002 4170 1098 4242; x_wconf 89' lang='lat' dir='ltr'>spinis,</span> <span class='ocrx_word' id='word_1_649' title='bbox 1116 4174 1288 4240; x_wconf 88' lang='lat' dir='ltr'>peccatorum</span> <span class='ocrx_word' id='word_1_650' title='bbox 1304 4167 1401 4240; x_wconf 85' lang='lat' dir='ltr'>plenis,</span> <span class='ocrx_word' id='word_1_651' title='bbox 1419 4166 1600 4240; x_wconf 86' lang='lat' dir='ltr'>reamplector</span> <span class='ocrx_word' id='word_1_652' title='bbox 1613 4174 1642 4224; x_wconf 91' lang='lat' dir='ltr'>et</span> <span class='ocrx_word' id='word_1_653' title='bbox 1662 4166 1801 4224; x_wconf 88' lang='lat' dir='ltr'>reosculor</span> 
     </span>
    </p>

    <p class='ocr_par' dir='ltr' id='par_1_11' title="bbox 147 4253 1802 4421">
     <span class='ocr_line' id='line_1_62' title="bbox 184 4253 1802 4368; baseline 0.002 -59"><span class='ocrx_word' id='word_1_654' title='bbox 184 4259 210 4310; x_wconf 78' lang='grc' dir='ltr'>ι.</span> <span class='ocrx_word' id='word_1_655' title='bbox 228 4255 373 4327; x_wconf 87' lang='lat' dir='ltr'>impudens</span> <span class='ocrx_word' id='word_1_656' title='bbox 387 4253 487 4325; x_wconf 92' lang='lat' dir='ltr'>quippe</span> <span class='ocrx_word' id='word_1_657' title='bbox 503 4261 530 4309; x_wconf 88' lang='lat' dir='ltr'>et</span> <span class='ocrx_word' id='word_1_658' title='bbox 544 4253 683 4326; x_wconf 89' lang='lat' dir='ltr'>improbus</span> <span class='ocrx_word' id='word_1_659' title='bbox 701 4271 771 4320; x_wconf 91' lang='lat' dir='ltr'>sum,</span> <span class='ocrx_word' id='word_1_660' title='bbox 797 4271 814 4312; x_wconf 96' lang='lat' dir='ltr'>o</span> <span class='ocrx_word' id='word_1_661' title='bbox 838 4256 946 4327; x_wconf 85' lang='lat' dir='ltr'>adjutor</span> <span class='ocrx_word' id='word_1_662' title='bbox 963 4290 986 4368; x_wconf 72' lang='lat' dir='ltr'>n</span> <span class='ocrx_word' id='word_1_663' title='bbox 1003 4265 1154 4331; x_wconf 87' lang='lat' dir='ltr'>tegentem,</span> <span class='ocrx_word' id='word_1_664' title='bbox 1168 4264 1394 4332; x_wconf 86' lang='lat' dir='ltr'>etprotegentem</span> <span class='ocrx_word' id='word_1_665' title='bbox 1405 4255 1599 4326; x_wconf 84' lang='lat' dir='ltr'>medexteram</span> <span class='ocrx_word' id='word_1_666' title='bbox 1610 4264 1700 4313; x_wconf 89' lang='lat' dir='ltr'>tuam:</span> <span class='ocrx_word' id='word_1_667' title='bbox 1716 4264 1756 4323; x_wconf 89' lang='lat' dir='ltr'>et,</span> <span class='ocrx_word' id='word_1_668' title='bbox 1767 4273 1802 4311; x_wconf 84' lang='grc' dir='ltr'>ιιι</span> 
     </span>
     <span class='ocr_line' id='line_1_63' title="bbox 147 4344 1800 4421; baseline 0 -19"><span class='ocrx_word' id='word_1_669' title='bbox 147 4362 225 4402; x_wconf 89' lang='lat' dir='ltr'>mens</span> <span class='ocrx_word' id='word_1_670' title='bbox 240 4344 351 4418; x_wconf 87' lang='lat' dir='ltr'>antique</span> <span class='ocrx_word' id='word_1_671' title='bbox 365 4352 394 4400; x_wconf 90' lang='lat' dir='ltr'>et</span> <span class='ocrx_word' id='word_1_672' title='bbox 407 4351 550 4416; x_wconf 88' lang='lat' dir='ltr'>susceptor</span> <span class='ocrx_word' id='word_1_673' title='bbox 563 4344 710 4401; x_wconf 84' lang='lat' dir='ltr'>indelessa.</span> <span class='ocrx_word' id='word_1_674' title='bbox 731 4345 787 4402; x_wconf 89' lang='lat' dir='ltr'>Sed</span> <span class='ocrx_word' id='word_1_675' title='bbox 804 4346 868 4403; x_wconf 87' lang='lat' dir='ltr'>vide</span> <span class='ocrx_word' id='word_1_676' title='bbox 882 4349 946 4419; x_wconf 89' lang='lat' dir='ltr'>quia</span> <span class='ocrx_word' id='word_1_677' title='bbox 1002 4363 1035 4404; x_wconf 93' lang='lat' dir='ltr'>ee</span> <span class='ocrx_word' id='word_1_678' title='bbox 1049 4348 1122 4421; x_wconf 87' lang='lat' dir='ltr'>quod</span> <span class='ocrx_word' id='word_1_679' title='bbox 1146 4346 1189 4404; x_wconf 89' lang='lat' dir='ltr'>vel</span> <span class='ocrx_word' id='word_1_680' title='bbox 1208 4346 1303 4403; x_wconf 88' lang='lat' dir='ltr'>leviter</span> <span class='ocrx_word' id='word_1_681' title='bbox 1326 4346 1398 4403; x_wconf 89' lang='lat' dir='ltr'>sensi</span> <span class='ocrx_word' id='word_1_682' title='bbox 1420 4347 1462 4403; x_wconf 90' lang='lat' dir='ltr'>vel</span> <span class='ocrx_word' id='word_1_683' title='bbox 1486 4346 1551 4413; x_wconf 86' lang='lat' dir='ltr'>ridi,</span> <span class='ocrx_word' id='word_1_684' title='bbox 1576 4345 1665 4421; x_wconf 90' lang='lat' dir='ltr'>magis</span> <span class='ocrx_word' id='word_1_685' title='bbox 1683 4361 1800 4403; x_wconf 88' lang='lat' dir='ltr'>accenso</span> 
     </span>
    </p>
   </div>
   <div class='ocr_carea' id='block_1_10' title="bbox 61 4432 1802 4509">
    <p class='ocr_par' dir='ltr' id='par_1_12' title="bbox 61 4432 1802 4509">
     <span class='ocr_line' id='line_1_64' title="bbox 61 4432 1802 4509; baseline -0.002 -16"><span class='ocrx_word' id='word_1_686' title='bbox 61 4481 71 4507; x_wconf 96' lang='lat'>,</span> <span class='ocrx_word' id='word_1_687' title='bbox 146 4450 241 4493; x_wconf 84' lang='lat' dir='ltr'>amore</span> <span class='ocrx_word' id='word_1_688' title='bbox 254 4434 356 4490; x_wconf 89' lang='lat' dir='ltr'>amoris</span> <span class='ocrx_word' id='word_1_689' title='bbox 370 4434 407 4490; x_wconf 93' lang='lat' dir='ltr'>tui</span> <span class='ocrx_word' id='word_1_690' title='bbox 421 4434 473 4490; x_wconf 91' lang='lat' dir='ltr'>hoc</span> <span class='ocrx_word' id='word_1_691' title='bbox 486 4432 566 4492; x_wconf 88' lang='lat' dir='ltr'>iacio.</span> <span class='ocrx_word' id='word_1_692' title='bbox 582 4432 658 4507; x_wconf 85' lang='lat' dir='ltr'>[Cum</span> <span class='ocrx_word' id='word_1_693' title='bbox 682 4435 756 4491; x_wconf 90' lang='lat' dir='ltr'>enim</span> <span class='ocrx_word' id='word_1_694' title='bbox 781 4451 814 4491; x_wconf 86' lang='lat' dir='ltr'>ex</span> <span class='ocrx_word' id='word_1_695' title='bbox 833 4451 946 4492; x_wconf 90' lang='lat' dir='ltr'>munere</span> <span class='ocrx_word' id='word_1_696' title='bbox 1002 4436 1138 4495; x_wconf 90' lang='lat' dir='ltr'>desiderio</span> <span class='ocrx_word' id='word_1_697' title='bbox 1152 4438 1196 4494; x_wconf 82' lang='lat' dir='ltr'>vix</span> <span class='ocrx_word' id='word_1_698' title='bbox 1209 4436 1346 4509; x_wconf 87' lang='lat' dir='ltr'>patienter</span> <span class='ocrx_word' id='word_1_699' title='bbox 1365 4444 1493 4508; x_wconf 81' lang='lat' dir='ltr'>exspecto</span> <span class='ocrx_word' id='word_1_700' title='bbox 1505 4442 1561 4491; x_wconf 88' lang='lat' dir='ltr'>uta</span> <span class='ocrx_word' id='word_1_701' title='bbox 1574 4451 1618 4492; x_wconf 88' lang='lat' dir='ltr'>ma</span> <span class='ocrx_word' id='word_1_702' title='bbox 1629 4435 1737 4492; x_wconf 78' lang='lat' dir='ltr'>auferas</span> <span class='ocrx_word' id='word_1_703' title='bbox 1746 4448 1802 4490; x_wconf 89' lang='lat' dir='ltr'>ma·</span> 
     </span>
    </p>
   </div>
   <div class='ocr_carea' id='block_1_11' title="bbox 145 4523 1802 5402">
    <p class='ocr_par' dir='ltr' id='par_1_13' title="bbox 147 4523 1802 4953">
     <span class='ocr_line' id='line_1_65' title="bbox 147 4523 1799 4603; baseline -0.002 -21"><span class='ocrx_word' id='word_1_704' title='bbox 147 4525 243 4602; x_wconf 82' lang='lat' dir='ltr'>gratiae</span> <span class='ocrx_word' id='word_1_705' title='bbox 258 4531 320 4595; x_wconf 78' lang='lat' dir='ltr'>tuae,</span> <span class='ocrx_word' id='word_1_706' title='bbox 336 4523 461 4591; x_wconf 86' lang='lat' dir='ltr'>Domine,</span> <span class='ocrx_word' id='word_1_707' title='bbox 477 4524 512 4579; x_wconf 90' lang='lat' dir='ltr'>ad</span> <span class='ocrx_word' id='word_1_708' title='bbox 524 4539 556 4578; x_wconf 89' lang='lat' dir='ltr'>ea</span> <span class='ocrx_word' id='word_1_709' title='bbox 570 4540 631 4596; x_wconf 89' lang='lat' dir='ltr'>quae</span> <span class='ocrx_word' id='word_1_710' title='bbox 645 4524 734 4581; x_wconf 89' lang='lat' dir='ltr'>carnis</span> <span class='ocrx_word' id='word_1_711' title='bbox 753 4535 826 4595; x_wconf 89' lang='lat' dir='ltr'>sunt,</span> <span class='ocrx_word' id='word_1_712' title='bbox 850 4525 946 4583; x_wconf 82' lang='lat' dir='ltr'>faciem</span> <span class='ocrx_word' id='word_1_713' title='bbox 1003 4544 1066 4583; x_wconf 88' lang='lat' dir='ltr'>uum</span> <span class='ocrx_word' id='word_1_714' title='bbox 1081 4534 1231 4603; x_wconf 89' lang='lat' dir='ltr'>tegentem,</span> <span class='ocrx_word' id='word_1_715' title='bbox 1252 4532 1281 4581; x_wconf 88' lang='lat' dir='ltr'>et</span> <span class='ocrx_word' id='word_1_716' title='bbox 1301 4523 1430 4580; x_wconf 79' lang='lat' dir='ltr'>infundas</span> <span class='ocrx_word' id='word_1_717' title='bbox 1446 4523 1562 4598; x_wconf 88' lang='lat' dir='ltr'>gratiam</span> <span class='ocrx_word' id='word_1_718' title='bbox 1586 4523 1799 4588; x_wconf 69' lang='lat' dir='ltr'>illuminantem</span> 
     </span>
     <span class='ocr_line' id='line_1_66' title="bbox 147 4612 1802 4689; baseline 0.001 -18"><span class='ocrx_word' id='word_1_719' title='bbox 147 4615 238 4671; x_wconf 90' lang='lat' dir='ltr'>cordis</span> <span class='ocrx_word' id='word_1_720' title='bbox 252 4628 307 4670; x_wconf 92' lang='lat' dir='ltr'>non</span> <span class='ocrx_word' id='word_1_721' title='bbox 322 4613 449 4679; x_wconf 85' lang='lat' dir='ltr'>habeam,</span> <span class='ocrx_word' id='word_1_722' title='bbox 463 4614 513 4669; x_wconf 93' lang='lat' dir='ltr'>sed</span> <span class='ocrx_word' id='word_1_723' title='bbox 528 4614 652 4684; x_wconf 88' lang='lat' dir='ltr'>posueris</span> <span class='ocrx_word' id='word_1_724' title='bbox 666 4629 698 4670; x_wconf 90' lang='lat' dir='ltr'>oa</span> <span class='ocrx_word' id='word_1_725' title='bbox 715 4614 779 4670; x_wconf 94' lang='lat' dir='ltr'>mihi</span> <span class='ocrx_word' id='word_1_726' title='bbox 801 4616 945 4681; x_wconf 87' lang='lat' dir='ltr'>deorsum;</span> <span class='ocrx_word' id='word_1_727' title='bbox 1003 4625 1031 4673; x_wconf 91' lang='lat' dir='ltr'>ut</span> <span class='ocrx_word' id='word_1_728' title='bbox 1047 4618 1155 4673; x_wconf 86' lang='lat' dir='ltr'>tandem</span> <span class='ocrx_word' id='word_1_729' title='bbox 1169 4614 1315 4689; x_wconf 90' lang='lat' dir='ltr'>aliquando</span> <span class='ocrx_word' id='word_1_730' title='bbox 1329 4615 1479 4671; x_wconf 87' lang='lat' dir='ltr'>secundum</span> <span class='ocrx_word' id='word_1_731' title='bbox 1495 4628 1656 4686; x_wconf 86' lang='lat' dir='ltr'>responsum</span> <span class='ocrx_word' id='word_1_732' title='bbox 1677 4612 1802 4672; x_wconf 87' lang='lat' dir='ltr'>veritatis</span> 
     </span>
     <span class='ocr_line' id='line_1_67' title="bbox 148 4701 1801 4776; baseline 0 -18"><span class='ocrx_word' id='word_1_733' title='bbox 148 4710 177 4758; x_wconf 89' lang='lat' dir='ltr'>et</span> <span class='ocrx_word' id='word_1_734' title='bbox 191 4701 331 4765; x_wconf 91' lang='lat' dir='ltr'>mnndum,</span> <span class='ocrx_word' id='word_1_735' title='bbox 349 4709 378 4757; x_wconf 89' lang='lat' dir='ltr'>et</span> <span class='ocrx_word' id='word_1_736' title='bbox 391 4717 570 4775; x_wconf 72' lang='lat' dir='ltr'>quaecumque</span> <span class='ocrx_word' id='word_1_737' title='bbox 589 4703 650 4773; x_wconf 89' lang='lat' dir='ltr'>ejus</span> <span class='ocrx_word' id='word_1_738' title='bbox 663 4711 737 4772; x_wconf 90' lang='lat' dir='ltr'>sunt,</span> <span class='ocrx_word' id='word_1_739' title='bbox 748 4705 872 4776; x_wconf 87' lang='lat' dir='ltr'>posueris</span> <span class='ocrx_word' id='word_1_740' title='bbox 882 4705 947 4761; x_wconf 90' lang='lat' dir='ltr'>mihi</span> <span class='ocrx_word' id='word_1_741' title='bbox 1004 4714 1056 4762; x_wconf 84' lang='lat' dir='ltr'>tuoe</span> <span class='ocrx_word' id='word_1_742' title='bbox 1070 4712 1191 4762; x_wconf 90' lang='lat' dir='ltr'>mortuus</span> <span class='ocrx_word' id='word_1_743' title='bbox 1205 4704 1271 4759; x_wconf 87' lang='lat' dir='ltr'>mihi</span> <span class='ocrx_word' id='word_1_744' title='bbox 1285 4711 1314 4760; x_wconf 90' lang='lat' dir='ltr'>et</span> <span class='ocrx_word' id='word_1_745' title='bbox 1326 4704 1420 4761; x_wconf 86' lang='lat' dir='ltr'>vivens</span> <span class='ocrx_word' id='word_1_746' title='bbox 1439 4704 1496 4770; x_wconf 91' lang='lat' dir='ltr'>tibi,</span> <span class='ocrx_word' id='word_1_747' title='bbox 1522 4701 1640 4760; x_wconf 85' lang='lat' dir='ltr'>revelata</span> <span class='ocrx_word' id='word_1_748' title='bbox 1664 4701 1732 4758; x_wconf 82' lang='lat' dir='ltr'>sacia</span> <span class='ocrx_word' id='word_1_749' title='bbox 1757 4703 1801 4776; x_wconf 93' lang='lat' dir='ltr'>ip·</span> 
     </span>
     <span class='ocr_line' id='line_1_68' title="bbox 147 4788 1799 4864; baseline 0.002 -18"><span class='ocrx_word' id='word_1_750' title='bbox 147 4789 288 4846; x_wconf 87' lang='lat' dir='ltr'>deorsum:</span> <span class='ocrx_word' id='word_1_751' title='bbox 307 4788 372 4860; x_wconf 92' lang='lat' dir='ltr'>quid</span> <span class='ocrx_word' id='word_1_752' title='bbox 387 4796 438 4854; x_wconf 91' lang='lat' dir='ltr'>est,</span> <span class='ocrx_word' id='word_1_753' title='bbox 454 4791 580 4857; x_wconf 91' lang='lat' dir='ltr'>obsecro,</span> <span class='ocrx_word' id='word_1_754' title='bbox 595 4792 667 4862; x_wconf 88' lang='lat' dir='ltr'>quod</span> <span class='ocrx_word' id='word_1_755' title='bbox 683 4792 709 4846; x_wconf 92' lang='lat' dir='ltr'>in</span> <span class='ocrx_word' id='word_1_756' title='bbox 725 4795 874 4852; x_wconf 89' lang='lat' dir='ltr'>totocorde</span> <span class='ocrx_word' id='word_1_757' title='bbox 885 4810 946 4851; x_wconf 90' lang='lat' dir='ltr'>meo</span> <span class='ocrx_word' id='word_1_758' title='bbox 1002 4810 1059 4850; x_wconf 91' lang='lat' dir='ltr'>sam</span> <span class='ocrx_word' id='word_1_759' title='bbox 1074 4803 1149 4851; x_wconf 90' lang='lat' dir='ltr'>tuam</span> <span class='ocrx_word' id='word_1_760' title='bbox 1163 4793 1259 4849; x_wconf 79' lang='lat' dir='ltr'>faciem</span> <span class='ocrx_word' id='word_1_761' title='bbox 1274 4793 1400 4864; x_wconf 90' lang='lat' dir='ltr'>incipiam</span> <span class='ocrx_word' id='word_1_762' title='bbox 1413 4793 1520 4861; x_wconf 85' lang='lat' dir='ltr'>uidere,</span> <span class='ocrx_word' id='word_1_763' title='bbox 1540 4800 1567 4849; x_wconf 92' lang='lat' dir='ltr'>et</span> <span class='ocrx_word' id='word_1_764' title='bbox 1581 4789 1651 4848; x_wconf 86' lang='lat' dir='ltr'>affici</span> <span class='ocrx_word' id='word_1_765' title='bbox 1671 4791 1718 4849; x_wconf 91' lang='lat' dir='ltr'>tibi</span> <span class='ocrx_word' id='word_1_766' title='bbox 1732 4793 1799 4850; x_wconf 83' lang='lat' dir='ltr'>ari·</span> 
     </span>
     <span class='ocr_line' id='line_1_69' title="bbox 148 4876 1247 4953; baseline 0.007 -18"><span class='ocrx_word' id='word_1_767' title='bbox 148 4877 295 4951; x_wconf 86' lang='lat' dir='ltr'>exquirens</span> <span class='ocrx_word' id='word_1_768' title='bbox 318 4886 354 4943; x_wconf 88' lang='lat' dir='ltr'>tc,</span> <span class='ocrx_word' id='word_1_769' title='bbox 378 4892 440 4932; x_wconf 88' lang='lat' dir='ltr'>cum</span> <span class='ocrx_word' id='word_1_770' title='bbox 460 4876 557 4934; x_wconf 81' lang='lat' dir='ltr'>faciem</span> <span class='ocrx_word' id='word_1_771' title='bbox 578 4886 650 4934; x_wconf 90' lang='lat' dir='ltr'>tuam</span> <span class='ocrx_word' id='word_1_772' title='bbox 672 4881 887 4953; x_wconf 85' lang='lat' dir='ltr'>apprehendisse</span> <span class='ocrx_word' id='word_1_773' title='bbox 901 4899 946 4941; x_wconf 87' lang='lat' dir='ltr'>me</span> <span class='ocrx_word' id='word_1_774' title='bbox 1001 4885 1076 4942; x_wconf 89' lang='lat' dir='ltr'>sione</span> <span class='ocrx_word' id='word_1_775' title='bbox 1092 4885 1170 4942; x_wconf 87' lang='lat' dir='ltr'>laciei</span> <span class='ocrx_word' id='word_1_776' title='bbox 1184 4892 1247 4943; x_wconf 84' lang='lat' dir='ltr'>tuac.</span> 
     </span>
    </p>

    <p class='ocr_par' dir='ltr' id='par_1_14' title="bbox 145 4965 1801 5402">
     <span class='ocr_line' id='line_1_70' title="bbox 146 4965 1800 5047; baseline 0.002 -24"><span class='ocrx_word' id='word_1_777' title='bbox 146 4966 277 5039; x_wconf 86' lang='lat' dir='ltr'>gratulor,</span> <span class='ocrx_word' id='word_1_778' title='bbox 294 4981 374 5039; x_wconf 87' lang='lat' dir='ltr'>quam</span> <span class='ocrx_word' id='word_1_779' title='bbox 390 4965 475 5022; x_wconf 88' lang='lat' dir='ltr'>solam</span> <span class='ocrx_word' id='word_1_780' title='bbox 489 4966 572 5024; x_wconf 86' lang='lat' dir='ltr'>iacies</span> <span class='ocrx_word' id='word_1_781' title='bbox 587 4984 646 5025; x_wconf 91' lang='lat' dir='ltr'>mea</span> <span class='ocrx_word' id='word_1_782' title='bbox 661 4970 808 5041; x_wconf 89' lang='lat' dir='ltr'>desiderat,</span> <span class='ocrx_word' id='word_1_783' title='bbox 831 4980 946 5045; x_wconf 89' lang='lat' dir='ltr'>repente</span> <span class='ocrx_word' id='word_1_784' title='bbox 1037 4978 1062 5030; x_wconf 82' lang='grc' dir='ltr'>ι.</span> <span class='ocrx_word' id='word_1_785' title='bbox 1078 4975 1153 5041; x_wconf 68' lang='lat' dir='ltr'>lito</span> <span class='ocrx_word' id='word_1_786' title='bbox 1177 4973 1270 5039; x_wconf 88' lang='lat' dir='ltr'>iacies,</span> <span class='ocrx_word' id='word_1_787' title='bbox 1296 4971 1388 5041; x_wconf 85' lang='lat' dir='ltr'>iacias,</span> <span class='ocrx_word' id='word_1_788' title='bbox 1411 4988 1492 5047; x_wconf 90' lang='lat' dir='ltr'>quam</span> <span class='ocrx_word' id='word_1_789' title='bbox 1516 4972 1596 5029; x_wconf 86' lang='lat' dir='ltr'>beata</span> <span class='ocrx_word' id='word_1_790' title='bbox 1620 4971 1713 5040; x_wconf 89' lang='lat' dir='ltr'>iacias,</span> <span class='ocrx_word' id='word_1_791' title='bbox 1738 4986 1800 5043; x_wconf 83' lang='lat' dir='ltr'>qnae</span> 
     </span>
     <span class='ocr_line' id='line_1_71' title="bbox 147 5056 1800 5134; baseline 0.002 -22"><span class='ocrx_word' id='word_1_792' title='bbox 147 5073 191 5114; x_wconf 89' lang='lat' dir='ltr'>me</span> <span class='ocrx_word' id='word_1_793' title='bbox 205 5056 314 5114; x_wconf 87' lang='lat' dir='ltr'>invenio</span> <span class='ocrx_word' id='word_1_794' title='bbox 333 5058 477 5113; x_wconf 74' lang='lat' dir='ltr'>scorsum?</span> <span class='ocrx_word' id='word_1_795' title='bbox 490 5072 539 5112; x_wconf 93' lang='lat' dir='ltr'>cur</span> <span class='ocrx_word' id='word_1_796' title='bbox 552 5073 613 5113; x_wconf 88' lang='lat' dir='ltr'>eam</span> <span class='ocrx_word' id='word_1_797' title='bbox 627 5059 776 5116; x_wconf 89' lang='lat' dir='ltr'>abscondis</span> <span class='ocrx_word' id='word_1_798' title='bbox 785 5062 799 5116; x_wconf 81' lang='lat' dir='ltr'>i</span> <span class='ocrx_word' id='word_1_799' title='bbox 808 5061 945 5134; x_wconf 89' lang='lat' dir='ltr'>Numquid</span> <span class='ocrx_word' id='word_1_800' title='bbox 1000 5063 1072 5120; x_wconf 84' lang='lat' dir='ltr'>albei</span> <span class='ocrx_word' id='word_1_801' title='bbox 1088 5063 1135 5119; x_wconf 89' lang='lat' dir='ltr'>tibi</span> <span class='ocrx_word' id='word_1_802' title='bbox 1149 5070 1270 5119; x_wconf 88' lang='lat' dir='ltr'>meretur</span> <span class='ocrx_word' id='word_1_803' title='bbox 1283 5062 1400 5120; x_wconf 87' lang='lat' dir='ltr'>videndo</span> <span class='ocrx_word' id='word_1_804' title='bbox 1415 5074 1456 5128; x_wconf 73' lang='grc' dir='ltr'>ιιι</span> <span class='ocrx_word' id='word_1_805' title='bbox 1472 5061 1609 5118; x_wconf 78' lang='lat' dir='ltr'>aedihcaas</span> <span class='ocrx_word' id='word_1_806' title='bbox 1619 5060 1646 5116; x_wconf 89' lang='lat' dir='ltr'>in</span> <span class='ocrx_word' id='word_1_807' title='bbox 1655 5059 1739 5117; x_wconf 90' lang='lat' dir='ltr'>corde</span> <span class='ocrx_word' id='word_1_808' title='bbox 1749 5075 1800 5117; x_wconf 86' lang='lat' dir='ltr'>suo</span> 
     </span>
     <span class='ocr_line' id='line_1_72' title="bbox 146 5145 1801 5219; baseline 0.003 -19"><span class='ocrx_word' id='word_1_809' title='bbox 146 5145 286 5203; x_wconf 90' lang='lat' dir='ltr'>arbitraris</span> <span class='ocrx_word' id='word_1_810' title='bbox 300 5161 343 5201; x_wconf 91' lang='lat' dir='ltr'>me</span> <span class='ocrx_word' id='word_1_811' title='bbox 367 5145 502 5201; x_wconf 90' lang='lat' dir='ltr'>inimicum</span> <span class='ocrx_word' id='word_1_812' title='bbox 526 5146 615 5202; x_wconf 79' lang='lat' dir='ltr'>tuum?</span> <span class='ocrx_word' id='word_1_813' title='bbox 644 5162 708 5203; x_wconf 87' lang='lat' dir='ltr'>num</span> <span class='ocrx_word' id='word_1_814' title='bbox 731 5164 892 5206; x_wconf 90' lang='lat' dir='ltr'>consumere</span> <span class='ocrx_word' id='word_1_815' title='bbox 917 5157 945 5206; x_wconf 93' lang='lat' dir='ltr'>tu</span> <span class='ocrx_word' id='word_1_816' title='bbox 1002 5152 1205 5209; x_wconf 89' lang='lat' dir='ltr'>tabernaculum</span> <span class='ocrx_word' id='word_1_817' title='bbox 1221 5152 1279 5207; x_wconf 84' lang='lat' dir='ltr'>Deo</span> <span class='ocrx_word' id='word_1_818' title='bbox 1302 5151 1396 5219; x_wconf 83' lang='lat' dir='ltr'>Jacob,</span> <span class='ocrx_word' id='word_1_819' title='bbox 1415 5154 1445 5206; x_wconf 91' lang='lat' dir='ltr'>et</span> <span class='ocrx_word' id='word_1_820' title='bbox 1465 5150 1558 5206; x_wconf 91' lang='lat' dir='ltr'>omnia</span> <span class='ocrx_word' id='word_1_821' title='bbox 1581 5150 1684 5207; x_wconf 86' lang='lat' dir='ltr'>iaciens</span> <span class='ocrx_word' id='word_1_822' title='bbox 1701 5164 1801 5206; x_wconf 90' lang='lat' dir='ltr'>secun·</span> 
     </span>
     <span class='ocr_line' id='line_1_73' title="bbox 147 5232 1800 5313; baseline 0.003 -24"><span class='ocrx_word' id='word_1_823' title='bbox 147 5233 241 5290; x_wconf 85' lang='lat' dir='ltr'>maris</span> <span class='ocrx_word' id='word_1_824' title='bbox 250 5233 369 5306; x_wconf 86' lang='lat' dir='ltr'>peccatis</span> <span class='ocrx_word' id='word_1_825' title='bbox 377 5232 571 5291; x_wconf 80' lang='lat' dir='ltr'>adolescentiae</span> <span class='ocrx_word' id='word_1_826' title='bbox 579 5235 669 5292; x_wconf 80' lang='lat' dir='ltr'>mcael</span> <span class='ocrx_word' id='word_1_827' title='bbox 678 5237 817 5309; x_wconf 91' lang='lat' dir='ltr'>mumquid</span> <span class='ocrx_word' id='word_1_828' title='bbox 828 5253 880 5310; x_wconf 82' lang='lat' dir='ltr'>ego</span> <span class='ocrx_word' id='word_1_829' title='bbox 888 5255 944 5296; x_wconf 88' lang='lat' dir='ltr'>uon</span> <span class='ocrx_word' id='word_1_830' title='bbox 1000 5241 1065 5297; x_wconf 90' lang='lat' dir='ltr'>dnm</span> <span class='ocrx_word' id='word_1_831' title='bbox 1084 5239 1223 5313; x_wconf 82' lang='lat' dir='ltr'>exemplar</span> <span class='ocrx_word' id='word_1_832' title='bbox 1237 5239 1310 5312; x_wconf 89' lang='lat' dir='ltr'>quod</span> <span class='ocrx_word' id='word_1_833' title='bbox 1324 5239 1350 5296; x_wconf 90' lang='lat' dir='ltr'>ei</span> <span class='ocrx_word' id='word_1_834' title='bbox 1363 5238 1517 5297; x_wconf 87' lang='lat' dir='ltr'>ostenditur</span> <span class='ocrx_word' id='word_1_835' title='bbox 1528 5239 1557 5295; x_wconf 93' lang='lat' dir='ltr'>in</span> <span class='ocrx_word' id='word_1_836' title='bbox 1567 5251 1670 5309; x_wconf 86' lang='lat' dir='ltr'>moure,</span> <span class='ocrx_word' id='word_1_837' title='bbox 1681 5238 1724 5295; x_wconf 89' lang='lat' dir='ltr'>hic</span> <span class='ocrx_word' id='word_1_838' title='bbox 1733 5252 1800 5295; x_wconf 88' lang='lat' dir='ltr'>vero</span> 
     </span>
     <span class='ocr_line' id='line_1_74' title="bbox 145 5324 1798 5402; baseline 0.003 -24"><span class='ocrx_word' id='word_1_839' title='bbox 145 5337 206 5378; x_wconf 83' lang='lat' dir='ltr'>sum</span> <span class='ocrx_word' id='word_1_840' title='bbox 220 5324 255 5377; x_wconf 96' lang='lat' dir='ltr'>ad</span> <span class='ocrx_word' id='word_1_841' title='bbox 268 5334 295 5380; x_wconf 89' lang='lat' dir='ltr'>te</span> <span class='ocrx_word' id='word_1_842' title='bbox 311 5340 470 5396; x_wconf 84' lang='lat' dir='ltr'>conuersus,</span> <span class='ocrx_word' id='word_1_843' title='bbox 486 5324 529 5382; x_wconf 83' lang='lat' dir='ltr'>vel</span> <span class='ocrx_word' id='word_1_844' title='bbox 544 5335 572 5382; x_wconf 90' lang='lat' dir='ltr'>tu</span> <span class='ocrx_word' id='word_1_845' title='bbox 586 5327 675 5383; x_wconf 88' lang='lat' dir='ltr'>adhuc</span> <span class='ocrx_word' id='word_1_846' title='bbox 688 5342 798 5384; x_wconf 89' lang='lat' dir='ltr'>esame</span> <span class='ocrx_word' id='word_1_847' title='bbox 812 5331 943 5385; x_wconf 76' lang='lat' dir='ltr'>auersus?</span> <span class='ocrx_word' id='word_1_848' title='bbox 999 5338 1027 5387; x_wconf 90' lang='lat' dir='ltr'>et</span> <span class='ocrx_word' id='word_1_849' title='bbox 1054 5336 1242 5402; x_wconf 86' lang='lat' dir='ltr'>competenter</span> <span class='ocrx_word' id='word_1_850' title='bbox 1262 5336 1398 5385; x_wconf 89' lang='lat' dir='ltr'>cantatur:</span> <span class='ocrx_word' id='word_1_851' title='bbox 1429 5327 1485 5385; x_wconf 80' lang='lat' dir='ltr'>Tibi</span> <span class='ocrx_word' id='word_1_852' title='bbox 1508 5328 1584 5383; x_wconf 67' lang='lat' dir='ltr'>dreit</span> <span class='ocrx_word' id='word_1_853' title='bbox 1608 5338 1656 5384; x_wconf 86' lang='lat' dir='ltr'>cor</span> <span class='ocrx_word' id='word_1_854' title='bbox 1683 5343 1798 5386; x_wconf 84' lang='lat' dir='ltr'>meum:</span> 
     </span>
    </p>
   </div>
   <div class='ocr_carea' id='block_1_12' title="bbox 185 5477 1467 5555">
    <p class='ocr_par' dir='ltr' id='par_1_15' title="bbox 185 5477 1467 5555">
     <span class='ocr_line' id='line_1_75' title="bbox 185 5477 1467 5555; baseline 0.003 -17"><span class='ocrx_word' id='word_1_855' title='bbox 185 5480 245 5555; x_wconf 79' lang='lat' dir='ltr'>(lb)</span> <span class='ocrx_word' id='word_1_856' title='bbox 258 5481 326 5552; x_wconf 76' lang='lat' dir='ltr'>Qua</span> <span class='ocrx_word' id='word_1_857' title='bbox 342 5484 517 5541; x_wconf 88' lang='lat' dir='ltr'>rnrluduutur</span> <span class='ocrx_word' id='word_1_858' title='bbox 530 5485 617 5551; x_wconf 88' lang='lat' dir='ltr'>uncis,</span> <span class='ocrx_word' id='word_1_859' title='bbox 637 5485 737 5541; x_wconf 87' lang='lat' dir='ltr'>desunt</span> <span class='ocrx_word' id='word_1_860' title='bbox 755 5477 781 5542; x_wconf 77' lang='lat' dir='ltr'>iri</span> <span class='ocrx_word' id='word_1_861' title='bbox 794 5485 913 5546; x_wconf 87' lang='lat' dir='ltr'>editione</span> <span class='ocrx_word' id='word_1_862' title='bbox 926 5488 1099 5548; x_wconf 70' lang='lat' dir='ltr'>bibliothece</span> <span class='ocrx_word' id='word_1_863' title='bbox 1113 5489 1221 5544; x_wconf 86' lang='lat' dir='ltr'>Patrum</span> <span class='ocrx_word' id='word_1_864' title='bbox 1237 5485 1467 5544; x_wconf 76' lang='lat' dir='ltr'>cisterciensium.</span> 
     </span>
    </p>
   </div>
   <div class='ocr_carea' id='block_1_13' title="bbox 0 0 1858 5962">
    <p class='ocr_par' dir='ltr' id='par_1_16' title="bbox 0 0 1858 5962">
     <span class='ocr_line' id='line_1_76' title="bbox 0 0 1858 5962; baseline 0 0"><span class='ocrx_word' id='word_1_865' title='bbox 0 0 1858 5962; x_wconf 95' lang='lat' dir='ltr'> </span> 
     </span>
    </p>
   </div>
  </div>
 </body>
</html>
