3706 5962
166 229 219 290 463

821 219 977 282 cumulat
1020 219 1159 279 munus

1758 226 1811 289 tot

164 358 253 414 laetus
266 354 385 412 irrisoria
397 361 485 418 veste,
501 351 651 407 arundineo
664 357 781 422 sceptro,
797 347 961 420 eoronaapi·
975 358 999 438 g
1016 361 1085 416 quos
1106 352 1232 418 possunt,
1256 345 1456 419 blasphement,
1486 354 1634 420 congerant
1657 350 1809 422 maledicta,

165 461 226 514 nea,
243 444 344 499 foditur
357 441 450 511 claris,
467 446 660 497 annumeratur
673 439 823 506 sceleratis,
844 438 872 494 in
886 437 960 513 ligno
1014 434 1125 490 veniant
1138 450 1223 506 super
1236 449 1287 490 nos
1300 435 1446 507 opprobria
1456 437 1678 507 exprobrantium
1692 438 1810 512 Christo,

165 533 328 600 extenditur,
354 532 436 588 etiam
460 538 583 587 mortuus
606 528 778 586 vulneratur:
800 537 829 584 et
842 529 901 584 baec
915 527 960 582 in-

130 612 135 679 ,’
166 631 246 679 tuens
267 621 313 694 qui
332 620 430 676 dicitur
453 619 624 684 christianus,
647 617 764 689 propriis
788 616 961 673 nibilominus

163 709 346 783 voluptatibus
360 708 511 780 indulgere,
527 716 555 763 et
569 707 668 762 llorere
682 706 753 762 velle
766 706 794 761 in
808 704 896 763 8⁰8
909 722 960 762 sae·

169 799 231 855 culo
247 798 401 854 nullatenus
415 794 564 853 erubescitl
581 796 715 852 Caeterum
730 795 752 850 si
766 797 853 851 omnis
872 795 918 866 qui
931 810 961 849 se

166 887 229 944 dicit
245 887 273 941 in
288 886 395 943 Christo
409 901 531 952 manere,
549 885 639 950 debet,
658 884 725 939 sicut
744 883 788 939 ille
803 881 959 947 ambulavit,

165 984 193 1031 et
206 974 417 1046 ipseambulare
439 974 464 1041 (l
483 976 565 1030 locu.
582 989 611 1039 ιι,
637 973 677 1042 ⁶l3
698 973 781 1027 multo
803 969 891 1043 magis
915 969 961 1042 qui

164 1078 215 1133 pro
229 1075 263 1118 eo
277 1077 389 1117 manere
405 1076 435 1116 se
449 1061 522 1119 dicit.
539 1059 585 1132 qui
599 1076 648 1132 pro
662 1075 697 1116 eo
715 1057 852 1131 legatione
866 1057 960 1131 lungi-

166 1159 217 1216 tur,
235 1149 281 1221 qui
295 1150 321 1206 ei
335 1148 478 1214 ministrat,
495 1148 517 1202 si
532 1164 594 1204 eum
608 1163 663 1203 non
678 1147 810 1219 sequitur,
822 1147 961 1203 inexcusa-

165 1238 226 1295 bilis
240 1247 292 1294 est.
313 1239 384 1294 Sane
399 1238 450 1293 nisi
464 1235 641 1308 abnegaverit
651 1237 835 1307 semetipsum,
853 1245 880 1291 et
895 1234 961 1292 tule-

166 1326 201 1382 rit
223 1342 332 1382 erucem
353 1342 440 1394 suam,
463 1326 540 1396 sequi
568 1341 630 1380 eum
654 1324 764 1381 omnino
788 1339 842 1380 nou
870 1330 960 1395 potest

164 1415 276 1487 (licitis
293 1430 351 1482 xvi,
370 1415 424 1487 ιι).
442 1413 512 1484 Quid
528 1430 594 1470 vero
608 1429 715 1470 crucem
731 1411 827 1469 tollere
841 1419 891 1480 est,
908 1412 960 1467 nisi

163 1501 284 1559 laborem
299 1501 428 1574 amplecti
443 1509 471 1557 et
480 1501 680 1558 bumilitatem?
690 1501 758 1557 sicut
767 1501 896 1570 scriptum
907 1507 957 1568 est,

166 1582 242 1663 Elepi
253 1590 378 1664 objectus
392 1607 450 1649 csse
463 1593 495 1647 in
510 1592 589 1648 demo
602 1590 653 1646 Dei
663 1589 751 1661 (Paul.
766 1604 885 1654 uxxxru,
903 1593 931 1644 lt
941 1588 959 1658 ).

402 1705 461 1762 XL.
476 1736 512 1746 -
523 1708 561 1762 lle
575 1705 726 1777 capitellis.

130 1837 135 1843 ·
200 1814 245 1869 ta.
266 1811 320 1868 Sed
346 1813 461 1868 fortasse
482 1811 571 1866 minus
593 1810 682 1865 adiruc
705 1808 819 1865 firmiter
843 1809 961 1866 stabilita

164 1900 386 1967 baecvideautur,
410 1899 433 1955 si
456 1905 559 1954 tautum
580 1897 683 1953 luerint
702 1898 816 1953 subnixa
838 1898 956 1965 basibus,

164 2004 219 2046 noo
233 1989 314 2044 etiam
333 1989 452 2058 desuper
471 1987 638 2044 cohaerentia
661 1985 802 2058 capitellis.
826 1987 894 2043 Hinc
917 1997 959 2042 est

163 2078 236 2150 quod
270 2078 381 2133 minime
410 2077 468 2132 suia
493 2084 637 2132 contentus
665 2074 798 2146 exemplis
824 2074 957 2143 Salvator,

162 2167 242 2222 etiam
256 2166 368 2238 praemia
380 2165 551 2238 repromittit,
571 2174 600 2220 ut
623 2181 705 2236 quem
724 2163 796 2219 torte
818 2179 872 2220 nou
891 2180 958 2234 pro-

155 2262 240 2335 ¹vocat
257 2255 379 2311 invitatio
402 2253 590 2326 praecedeutis,
617 2256 706 2309 trabat
726 2251 769 2308 vel
793 2252 957 2309 desiderium

156 2342 361 2400 retributionis:
389 2350 426 2408 et,
451 2343 474 2398 si
498 2342 607 2415 quidem
621 2341 800 2412 voluptuosus
815 2350 869 2407 est,
882 2341 956 2397 illum

154 2431 238 2501 'sitiat
252 2438 400 2489 torrentem
416 2431 559 2504 voluptatis
568 2447 576 2499 ;
591 2430 614 2486 si
636 2446 700 2487 vero
724 2430 818 2506 gloriae
832 2431 953 2501 cupidus,

161 2520 261 2592 espiret
279 2521 314 2575 ad
334 2520 408 2575 illum
422 2520 610 2576 celsitudinem
633 2519 783 2588 judiciariae
803 2520 953 2590 potestatis.

160 2607 397 2678 Sedebitis,ait,cl
408 2608 619 2679 corruperaedes
627 2606 784 2675 duodecim,
791 2607 955 2678 judicantes

158 2695 303 2753 duodecim
318 2696 407 2751 tribur
419 2697 505 2752 isreel
519 2695 628 2764 (uoltu.
643 2710 705 2759 xix,
721 2698 780 2764 usp·
792 2697 832 2750 Ac
847 2695 869 2749 si
883 2696 954 2751 dice-

156 2791 213 2838 ret:
231 2785 282 2839 l‘ro
296 2781 455 2838 confusione
474 2788 565 2837 vestra
590 2781 689 2852 duplici
714 2790 741 2837 et
765 2782 863 2837 rubore
889 2797 952 2852 pars

155 2879 246 2929 vestra
263 2871 426 2927 laudabitur.
439 2872 587 2941 Propterea
597 2870 668 2926 enim
681 2870 707 2925 iu
720 2877 792 2925 terra
802 2872 950 2926 restrudu-

154 2959 232 3031 plicia
238 2957 419 3031 possidebitis,
428 2957 553 3014 etlaetitia
559 2957 724 3029 sempiterna
735 2959 787 3012 erit
793 2957 870 3013 vobis
880 2959 948 3025 (lau.
966 2950 988 3030 Β

155 3061 215 3112 uxr,
230 3051 270 3117 ι).
289 3049 320 3102 ln
335 3045 431 3102 exsilio
445 3047 522 3103 robis
535 3044 644 3101 afflictio
658 3045 769 3117 duplex,
794 3046 950 3104 humilitatis

153 3135 248 3206 utique
262 3143 290 3190 et
303 3133 414 3191 laboris.
434 3133 488 3189 Sed
511 3132 698 3199 consolamini,
722 3140 750 3188 et
771 3133 854 3190 nolite
878 3135 949 3190 deii-

154 3238 231 3279 cere:
248 3221 375 3295 quoniam
391 3221 418 3277 in
433 3228 505 3278 terra
520 3229 620 3288 vestra,
647 3228 718 3276 terra
741 3221 833 3293 utique
856 3223 949 3280 viven-

154 3311 229 3379 tium,
254 3311 353 3383 duplex
376 3326 424 3368 vos
447 3311 621 3367 nibilominus
643 3312 825 3367 renumeratio
845 3322 946 3379 manet,

152 3401 324 3457 sublimitatis
339 3408 366 3456 et
380 3399 576 3457 delectationis.
593 3401 623 3454 lu
643 3399 755 3455 sedibus
776 3399 849 3455 enim
873 3402 951 3472 quies

151 3489 359 3561 imperturbata,
383 3490 411 3544 in
433 3490 533 3559 iudicio
553 3488 692 3562 dignitatis
710 3488 858 3545 eminentia
871 3505 949 3547 oom-

152 3579 309 3635 mandatur.

400 3691 471 3746 XLI.
482 3693 566 3746 -Dc
581 3691 700 3746 iudicio.

80 3826 85 3834 ·
187 3800 231 3852 ιι).
248 3794 315 3862 Quis
329 3810 394 3851 vero
413 3793 551 3850 saecularis
573 3794 662 3849 lrouor
675 3796 823 3871 excogitari
844 3804 946 3868 potest,

153 3885 198 3957 qui
212 3899 266 3939 non
282 3898 395 3955 prorsus
408 3883 435 3937 iu
450 3890 533 3938 tantae
552 3882 725 3939 sublimitatis
747 3886 949 3955 comparatione

151 3970 282 4029 vilescat?
306 3972 368 4029 Non
392 3973 474 4028 unius
497 3970 631 4043 siquidem
653 3972 769 4029 civitatis
793 3983 838 4030 aut
857 3977 948 4048 populi

152 4078 201 4119 seu
216 4061 337 4135 regionis
350 4062 439 4129 unius,
455 4062 504 4118 sed
520 4061 702 4116 universitatis
721 4062 826 4131 Judices
845 4065 947 4121 babent

43 4175 46 4181 ·
151 4151 298 4224 praesidere
311 4167 371 4208 eum
386 4151 504 4207 Cbristo.
520 4151 577 4206 Nec
591 4149 677 4207 solum
698 4152 831 4222 homiues,
856 4153 947 4209 sedet

1015 522 1143 593 quoniam
1158 537 1265 579 merces
1286 533 1381 579 nostra
1402 524 1514 595 copiosa
1535 532 1577 580 est
1594 525 1623 580 in
1638 526 1723 583 coelis.
1740 527 1810 586 Glo-

1014 610 1083 665 riam
1097 626 1158 682 quae
1172 610 1335 668 abinvicem
1350 620 1401 678 est,
1418 611 1535 669 babeant
1555 613 1648 686 utique
1672 631 1770 672 vanam
1784 626 1811 672 et

1014 698 1189 767 mendacem
1204 699 1332 771 quoniam
1349 699 1411 755 vani
1435 699 1481 755 filii
1494 701 1647 769 bominum,
1663 703 1811 762 mendaces

1005 787 1060 842 ulli
1075 787 1223 844 bominum.
1243 787 1366 844 Gloriam
1381 789 1452 844 enim
1467 805 1528 863 quae
1552 805 1568 844 a
1594 789 1652 847 solo
1675 791 1734 848 Deo
1757 803 1809 863 est,

1014 875 1117 942 nolunt,
1133 891 1226 933 veram
1240 877 1334 949 utique
1353 886 1382 933 et
1404 888 1574 936 manentem:
1600 879 1727 952 quoniam
1750 881 1810 954 ipse

1014 973 1054 1021 est
1067 964 1177 1032 veritas,
1194 972 1221 1021 et
1235 964 1295 1038 ipse
1309 967 1408 1039 estqui
1420 973 1472 1023 est.

1209 1054 1292 1111 XLll.
1307 1086 1343 1096 -
1357 1057 1394 1111 Dc
1411 1058 1514 1128 grossis
1527 1057 1608 1126 ficus.

1050 1141 1206 1198 turnicii
1228 1158 1341 1214 prorsus
1359 1144 1481 1210 ambitio,
1506 1161 1566 1216 quae
1588 1145 1690 1201 ambire
1709 1160 1808 1219 magna

1016 1247 1069 1287 uon
1089 1231 1173 1297 novit,
1190 1248 1315 1304 quaerens
1329 1232 1364 1289 de
1377 1233 1483 1290 modico
1498 1250 1635 1305 creseere,
1659 1244 1687 1292 et
1703 1237 1737 1292 de
1752 1253 1809 1290 ma-

1014 1320 1086 1376 ximo
1105 1321 1200 1376 minui.
1224 1322 1323 1377 Amant
1345 1322 1419 1377 enim
1441 1322 1585 1379 cathedras
1605 1324 1723 1395 primus:
1748 1341 1810 1396 quae

1014 1408 1090 1464 velut
1103 1408 1190 1483 grossi
1204 1407 1302 1464 ficuum
1316 1408 1445 1466 velociter
1461 1418 1522 1466 sunt
1533 1427 1646 1467 casurae.
1658 1411 1726 1468 Sunt
1736 1411 1807 1468 enim

1015 1496 1103 1568 grossi
1119 1497 1214 1568 primae
1228 1497 1351 1569 quaedarn
1365 1496 1433 1555 licus
1455 1515 1569 1570 prorsus
1587 1500 1706 1568 inutiles,
1724 1501 1809 1556 solam

1016 1585 1149 1641 babentes
1172 1584 1290 1656 speciem
1315 1584 1425 1652 ficuum,
1447 1602 1502 1643 non
1525 1603 1664 1661 saporem;
1689 1597 1810 1645 nectam

874 1748 875 1751 Ἴ
978 1655 1000 1732 Β
1017 1673 1219 1745 ιιυοιιιι,ιιιιιη
1235 1671 1809 1754 futurorumquaedampraesagialnxotuum,

1015 1777 1083 1833 quas
1097 1769 1125 1816 et
1138 1761 1265 1818 decidere
1280 1777 1394 1818 necesse
1415 1771 1467 1829 est,
1492 1773 1522 1819 ut
1544 1765 1584 1820 eis
1608 1764 1667 1845 aliga
1690 1766 1810 1822 humano

1013 1849 1073 1906 usui
1088 1858 1115 1904 et
1129 1848 1264 1920 esuiaptae
1281 1851 1438 1907 succedant.
1451 1851 1527 1908 Unde
1541 1868 1639 1926 sponsa
1654 1855 1681 1909 in
1696 1853 1810 1910 Cautieo

1014 1937 1188 2008 canticorum,
1203 1939 1297 1995 limma
1312 1941 1439 2007 transiit,
1457 1940 1546 1996 imber
1559 1943 1629 1999 cliii
1639 1945 1807 2000 cirecesst'l:

1013 2035 1040 2082 et
1059 2034 1227 2098 postpauca,
1245 2025 1337 2093 Ficus,
1356 2026 1455 2100 inquit,
1473 2031 1595 2102 protulit
1617 2046 1726 2102 grossos
1744 2047 1809 2088 sator

1014 2115 1110 2186 (dont.
1125 2129 1155 2179 ιι,
1173 2119 1216 2180 ιι,
1234 2116 1294 2184 t3):
1312 2115 1530 2187 quodridelicet,
1545 2119 1736 2189 persecutione
1747 2135 1808 2175 ces-

1012 2210 1100 2268 sante,
1118 2203 1218 2274 iuelyta
1233 2202 1302 2258 lacta
1317 2203 1352 2258 sit
1365 2204 1496 2271 Ecclesia,
1512 2205 1600 2276 posita
1614 2207 1641 2262 iu
1651 2206 1807 2283 superbiam

1011 2293 1184 2350 aaeculorum.
1210 2292 1297 2361 Quam
1319 2308 1385 2349 saue
1406 2294 1599 2351 sublimitatem
1619 2303 1647 2352 et
1669 2296 1807 2353 excellen-

1012 2383 1075 2437 tiam
1095 2381 1256 2456 dignitatum
1272 2396 1392 2453 congrue
1411 2383 1477 2438 satis
1489 2399 1603 2456 grossos
1616 2394 1705 2452 vocat,
1720 2383 1806 2441 atlu-

1012 2479 1070 2527 tura
1084 2470 1112 2525 in
1127 2470 1170 2526 bis
1183 2477 1293 2527 moneat
1306 2462 1396 2543 potius
1409 2487 1489 2542 quam
1503 2473 1651 2543 praesentia
1671 2474 1804 2549 cogitare.

1009 2561 1076 2629 Quae
1086 2559 1158 2614 enim
1167 2560 1303 2624 videntur,
1316 2559 1475 2632 temporalia
1484 2558 1571 2617 8⁰4
1585 2570 1735 2634 suutrquae
1749 2578 1806 2620 non

1008 2647 1145 2715 videntur,
1161 2654 1273 2703 aeterua.
1290 2648 1410 2703 Caveant
1423 2648 1505 2721 igitur
1521 2649 1568 2721 qui
1582 2650 1685 2722 primas
1707 2651 1804 2707 oatbe-

1008 2736 1071 2792 dras
1085 2747 1186 2802 amant,
1204 2753 1238 2792 ne
1262 2738 1402 2808 contingat
1424 2754 1518 2794 carere
1542 2741 1684 2805 secundis;
1706 2749 1734 2797 et
1757 2742 1804 2814 qui

1007 2827 1109 2897 primos
1128 2840 1199 2879 nuuc
1221 2825 1358 2880 recubitus
1381 2826 1494 2901 eligunt,
1514 2829 1646 2901 incipiant
1669 2845 1730 2886 cum
1755 2845 1804 2886 ru-

1006 2915 1072 2970 bore
1092 2912 1180 2969 locum
1195 2921 1290 2970 tenere
1315 2914 1504 2970 novissimum.
1527 2917 1678 2984 Sedebilr'r,
1702 2917 1803 2990 iuquit,

1002 3017 1086 3075 super
1094 3000 1170 3059 aedes
1179 3001 1334 3074 duodecim,
1340 3003 1748 3076 judicantcsdoodecimtrilm
1762 3007 1804 3066 ls-

1003 3093 1074 3148 rael.
1090 3092 1139 3147 11ae
1151 3089 1289 3160 jamlicua
1313 3101 1402 3160 erunt,
1428 3110 1484 3149 non
1508 3095 1603 3167 utique
1627 3096 1726 3171 grossi.
1749 3096 1804 3152 llas

1003 3179 1131 3235 nimirum
1145 3178 1226 3234 sedes
1242 3181 1402 3250 praeviderat
1426 3182 1527 3253 quide
1551 3199 1669 3256 superna
1693 3184 1802 3240 civitate

1004 3268 1125 3326 dicebat:
1143 3268 1203 3325 illic
1217 3269 1351 3326 sederunt
1363 3269 1439 3327 sedes
1453 3273 1483 3327 iu
1492 3271 1611 3345 judicio,
1626 3273 1704 3331 redes
1718 3290 1802 3346 super

1004 3359 1116 3416 domum
1134 3357 1222 3413 llaoid
1237 3358 1324 3430 (Paul.
1344 3374 1423 3426 cxxi,
1438 3362 1477 3430 5).
1501 3360 1557 3417 illic
1571 3360 1662 3432 plane,
1678 3377 1732 3418 nou
1747 3362 1800 3418 bie.

1004 3445 1147 3515 Quomodo
1161 3448 1236 3502 enim
1252 3446 1349 3503 sedent
1363 3463 1431 3519 quas
1445 3448 1488 3504 bic
1497 3449 1619 3506 videmus
1633 3451 1724 3519 sedes,
1740 3467 1801 3523 quae

1005 3535 1087 3591 toties
1100 3543 1207 3600 nutant,
1229 3535 1309 3590 toties
1333 3536 1457 3608 titubant,
1485 3538 1564 3594 toties
1587 3538 1800 3597 subvertuntur?
1836 3562 1838 3566 ⁴

1003 3623 1136 3678 Nimirum
1150 3621 1242 3696 grossi
1260 3622 1358 3679 tionum
1374 3632 1447 3690 sunt,
1463 3641 1532 3697 quos
1545 3627 1634 3682 tenuis
1647 3642 1714 3682 aura
1725 3625 1800 3696 deji-

1004 3710 1040 3767 cit
1055 3718 1082 3766 et
1097 3711 1237 3782 dispergit.
1253 3711 1388 3771 caretum
1402 3713 1467 3786 quid
1491 3714 1543 3769 sibi
1555 3713 1622 3780 vult,
1637 3714 1709 3787 quod
1727 3715 1800 3771 duo-

1004 3797 1092 3854 decim
1114 3798 1199 3853 tribus
1224 3798 1305 3871 lsrael
1327 3799 1495 3869 judicaturos
1516 3800 1573 3857 iore
1601 3801 1742 3874 promittit,
1771 3802 1801 3857 in

1004 3886 1102 3958 quibus
1116 3885 1197 3942 etiam
1212 3887 1330 3945 muudus
1343 3887 1401 3960 ipse
1426 3889 1599 3962 cognoscitur
1619 3882 1801 3961 judicandus?

1002 3979 1045 4032 Aa
1059 3977 1122 4048 quia
1136 3980 1218 4032 nolus
1232 3984 1336 4033 tautum
1356 3978 1444 4034 adbuc
1463 3978 1491 4035 in
1513 3979 1608 4036 ludaea
1630 3980 1712 4049 Deua,
1734 3979 1799 4035 uni·

1003 4067 1160 4124 versitatem
1175 4063 1296 4121 fidelium
1315 4066 1500 4139 appellatione
1523 4068 1656 4124 duodecin
1680 4068 1799 4124 tribuum

1002 4154 1087 4210 voluit
1100 4153 1249 4227 designari,
1266 4163 1294 4210 et
1308 4156 1386 4226 quasi
1409 4157 1480 4212 solas
1493 4155 1616 4212 meminit
1636 4155 1799 4226 judicandas

150 4241 345 4314 ipsosangelos
358 4241 518 4311 judicabunt
532 4240 558 4312 (l
571 4241 632 4297 Cor.
650 4255 686 4307 vr,
704 4241 741 4310 3),
751 4242 945 4314 quipareutem
964 4247 988 4326 ῃ
1002 4252 1114 4315 propter
1126 4242 1205 4298 illud:
1226 4245 1278 4313 Qui
1295 4245 1465 4313 concredit,
1487 4248 1550 4318 jam
1569 4245 1718 4318 judicatas
1731 4245 1799 4301 eat?

150 4331 184 4385 ad
200 4330 335 4386 modicum
349 4345 477 4400 vaporem
492 4329 635 4400 praeseutia
658 4329 752 4401 gloriae
765 4330 946 4403 dedignantes
1001 4333 1094 4405 (locu.
1109 4347 1150 4397 ιιι,
1167 4332 1224 4404 18.)
1238 4332 1302 4388 llaec
1312 4333 1383 4388 euim
1399 4342 1440 4388 est
1454 4333 1636 4410 perlectorum
1649 4333 1735 4409 gloria
1745 4333 1798 4389 sin·

40 4428 43 4439 '
150 4427 178 4475 et
192 4420 378 4488 exsufflantes,
393 4418 588 4491 improperium
603 4418 702 4475 Christi
725 4419 860 4475 universis
872 4439 945 4493 prae-
995 4421 1111 4496 gularis,
1125 4421 1198 4476 inter
1211 4421 1283 4494 ipsos
1297 4421 1379 4478 etiam
1393 4423 1514 4478 eminere
1529 4422 1635 4489 fideles,
1649 4430 1677 4479 et
1691 4422 1798 4479 caeteris

150 4507 942 4583 ierunttitulisdignitatum.Nolilclimere,paaillusprec,

150 4599 285 4670 quonium
294 4602 465 4672 complacuit
476 4599 557 4654 Patri
567 4602 659 4655 vestro
666 4599 735 4655 dore
747 4602 819 4656 uobis
829 4617 945 4673 reguum

150 4691 226 4760 (loc.
245 4704 294 4753 xu,
318 4688 374 4759 32).
399 4686 545 4742 Definitum
570 4696 612 4742 est
634 4687 774 4743 consilium
794 4691 866 4761 quod
890 4706 945 4747 non

150 4775 339 4844 evacuabitur,
372 4775 540 4846 propositum
568 4773 736 4831 immutabile
768 4788 942 4849 perseverat;

149 4866 270 4938 denique
293 4864 393 4936 juravit
414 4863 555 4930 Dominus,
583 4872 610 4919 et
625 4879 681 4920 non
704 4866 849 4937 poenitebit
863 4883 941 4925 eum:

147 4959 236 5013 Amen
246 4955 308 5011 dico
321 4953 406 5019 eolis,
417 4953 488 5026 qood
497 4968 551 5020 voa,
563 4954 613 5026 qui
622 4956 786 5011 recollectis
795 4973 850 5025 me,
861 4957 893 5014 in
902 4972 943 5015 rc

140 5046 335 5118 generatione,
351 5060 417 5099 cum
430 5042 534 5100 sederit
545 5044 633 5100 Filius
643 5042 765 5101 bominis
774 5044 877 5102 insede
886 5064 943 5104 mo-

141 5137 334 5208 juravissent,
344 5132 475 5190 sedebilis
484 5136 512 5190 et
521 5133 748 5207 vorjudicautes.
760 5132 829 5203 Quid
840 5134 941 5206 glorio-

147 5223 222 5280 sius?
234 5223 360 5280 iudicent
373 5237 446 5278 nunc
460 5226 488 5277 et
511 5222 692 5294 praejudicent
719 5222 854 5294 superbiae
876 5222 936 5291 lilii,

146 5325 207 5365 eum
223 5326 289 5383 rege
308 5327 357 5368 suo
371 5311 495 5379 sedeant,
511 5311 556 5383 qui
571 5309 622 5365 sibi
635 5309 721 5366 latera
739 5310 874 5382 aquilonis
888 5311 941 5368 ele-

144 5399 194 5472 git.
224 5399 384 5455 Exaltentur
409 5408 438 5456 et
464 5399 605 5457 eleventur
633 5400 701 5456 sicut
730 5399 805 5455 cedri
835 5398 938 5460 Libani.

144 5485 339 5554 Transibimus,
365 5495 392 5544 et
416 5503 479 5544 eece
504 5503 557 5544 non
581 5494 671 5545 erunt.
692 5488 852 5561 Opprimant
865 5503 939 5547 nuuc

999 4526 1110 4583 quoque
1124 4509 1260 4566 salvandis
1281 4510 1461 4580 praeeminere
1473 4510 1634 4567 auctoritate
1647 4510 1797 4582 judiciaria

999 4598 1197 4672 potestatium
1214 4601 1291 4670 juxta
1305 4598 1368 4653 illud
1385 4598 1419 4655 de
1442 4599 1558 4664 Psalmo,
1583 4598 1697 4655 sedeant
1711 4615 1798 4673 super

999 4686 1116 4745 domum
1140 4685 1242 4743 Dauid.
1265 4687 1334 4758 Quid
1360 4686 1431 4743 istud
1455 4687 1573 4744 miseriae
1590 4695 1641 4758 est,
1665 4689 1738 4760 quod
1761 4687 1797 4742 ad

999 4784 1080 4833 tantae
1094 4776 1282 4848 promissionis
1296 4777 1410 4832 verbum
1426 4775 1594 4852 negligentia
1607 4777 1726 4833 bumana
1736 4774 1796 4832 dor·

998 4864 1094 4921 mitat?

1129 4952 1227 5008 xuut.
1241 4983 1277 4995 —
1295 4953 1476 5022 Querimonio
1492 4954 1658 5012 Soloulorir.

1031 5046 1076 5098 bt.
1097 5041 1201 5115 Popule
1214 5058 1304 5109 meua,
1323 5042 1362 5097 ait
1384 5043 1526 5112 Dorrriuus,
1548 5043 1614 5117 quid
1636 5041 1690 5100 libi
1713 5042 1794 5102 delui

995 5135 1099 5206 fecere,
1113 5137 1142 5190 el
1157 5149 1214 5190 nori
1228 5133 1285 5206 feci
1298 5133 1375 5206 (lsai.
1391 5150 1418 5204 v,
1435 5136 1474 5205 l.)
1489 5131 1558 5202 Quid
1570 5150 1659 5190 causae
1667 5134 1792 5205 estquod

996 5221 1104 5279 inimico
1131 5237 1192 5278 meo
1220 5228 1365 5295 vestroque
1388 5222 1454 5278 libet
1477 5223 1580 5279 servire
1602 5237 1683 5294 quam
1706 5221 1792 5277 mibi?

993 5311 1089 5385 Neque
1104 5312 1175 5368 enim
1190 5310 1234 5367 ille
1248 5311 1349 5368 crearit
1363 5327 1423 5378 vos,
1438 5311 1487 5367 sed
1503 5327 1554 5368 nee
1565 5309 1653 5384 pascit
1665 5311 1788 5383 quidem,

994 5408 1041 5458 aut
1056 5408 1178 5472 tempora
1193 5409 1284 5457 vestra
1298 5400 1357 5472 ipse
1377 5399 1504 5471 disponit.
1529 5399 1559 5455 Si
1577 5413 1661 5472 parva
1675 5399 1734 5456 baee
1746 5398 1789 5454 vi-

994 5488 1095 5547 deatur
1116 5489 1244 5561 ingratis:
1270 5505 1325 5546 nou
1339 5489 1393 5558 illc,
1410 5490 1457 5545 sed
1472 5504 1525 5565 ego
1539 5489 1645 5546 redemi
1657 5487 1716 5548 ios.
1733 5488 1789 5545 Sed
