3706 5962
93 137 149 200 279
180 145 186 155 “
450 173 453 177 ψ
746 138 939 201 altuspullus
957 137 1094 200 saulus
1288 185 1296 205 ,
1502 158 1505 165 ’
1691 132 1748 195 aab

95 266 165 334 ejus
187 263 372 318 emilanem:
385 263 599 333 infortitudine
616 278 719 319 montis
738 267 890 337 notescet,
909 263 1055 354 fletautiae
1083 263 1226 335 denigrant
1249 268 1323 324 uota,
1347 269 1493 333 operantes
1515 259 1567 332 ipsi
1586 259 1679 316 eibum
1702 262 1752 333 qui

97 355 125 410 et
144 353 176 406 in
196 353 340 424 snpientia
358 367 420 406 ntea
435 353 569 409 intellexi
582 354 645 424 (len.
661 367 691 421 x,
714 355 757 423 10,
776 357 818 420 ll,
837 357 890 424 13).
948 349 1028 420 perit,
1051 365 1105 405 nou
1129 350 1175 423 qui
1196 361 1336 421 permanet
1360 351 1386 402 in
1412 349 1494 404 vitam
1513 357 1664 414 aeternam;
1679 363 1712 402 ac
1728 348 1750 401 si

96 440 131 495 Et
146 437 209 494 alibi
222 454 228 492 :
241 440 338 496 Nonne
351 441 410 497 bec
424 445 465 496 est
479 443 600 513 Babylon
615 442 671 499 illa
682 457 795 514 mopnn,
810 458 895 515 quom
947 439 1055 510 quaudo
1069 438 1104 494 de
1118 454 1184 513 agro
1200 446 1373 496 revertantur
1388 437 1507 504 domum,
1524 437 1702 508 indignantur
1716 436 1750 490 ad

95 545 143 601 epo
162 528 216 599 feci
228 533 240 584 l
253 529 337 599 (bon.
354 545 395 597 ιιι,
409 531 467 601 at.)
948 527 1136 600 symphoniam
1152 536 1179 583 et
1202 528 1326 592 chorum,
1343 534 1370 583 et
1389 525 1506 598 junioris
1520 525 1610 580 fratris
1629 525 1664 580 ad
1677 541 1749 598 gau-

132 621 160 672 5.
173 617 277 672 Audisti
296 633 416 683 sensum,
437 619 610 691 magnificum
625 635 734 676 sensum
754 637 783 676 se
803 622 893 676 οιιιοΙ·Ἰ
947 614 991 670 dia
1005 617 1302 689 praemunitionem,
1314 618 1418 687 abst).
1432 615 1524 670 Bonus
1539 613 1633 686 junior
1646 611 1703 680 ille,
1715 605 1750 669 de

97 704 223 771 lentem;
245 705 392 762 intellixisti
416 707 480 779 quid
504 709 538 763 sit
562 708 641 764 vinea
665 710 790 772 Sabama,
815 710 893 765 vinea
947 719 1001 776 quo
1016 704 1080 761 dicit
1093 706 1256 778 Apostolus:
1282 706 1395 762 lndoile
1413 720 1517 764 nouum
1535 703 1679 760 bominem
1698 705 1751 774 qui

98 809 160 865 quae
182 793 291 849 utinam·
311 794 420 851 deserta
443 796 489 863 sit,
519 804 547 852 et
579 813 633 854 nou
662 798 696 854 sit
723 799 768 870 qni
788 798 893 854 excolat
947 796 1102 851 secundum
1115 795 1510 867 Deumcrentuscsttbpltes.
1526 809 1565 859 ιν,
1581 794 1639 863 ll).
1661 794 1752 847 bonus

98 898 167 938 eam.
215 883 283 939 dudi
326 901 398 940 nunc
433 887 614 957 Apostolum
651 887 713 942 audi
755 887 893 942 donuuum
945 882 1047 953 junior,
1067 880 1149 938 184
1165 883 1199 938 do
1227 898 1281 955 quo
1309 882 1374 938 item
1393 882 1451 937 ait:
1474 883 1504 939 Si
1523 885 1624 955 quain
1640 882 1752 939 Christo

99 979 127 1027 et
140 972 278 1029 domorem
292 975 415 1048 gentium
432 992 438 1028 :
461 977 574 1033 Domini
593 977 666 1032 enim
689 978 818 1050 pentiam
841 992 893 1030 ee·
947 988 1020 1028 neon
1033 976 1274 1038 erecturc,oelerc
1289 973 1514 1040 transierunl,el
1525 973 1752 1043 factasuntom-

99 1059 235 1117 ciderunt
252 1063 365 1134 stupebo
388 1066 459 1135 ejus.
484 1064 565 1129 Audi,
581 1065 718 1137 quomodo
737 1066 795 1136 ipse
820 1064 893 1120 exei.
947 1063 998 1117 nio
1012 1077 1084 1117 nooo
1097 1062 1136 1132 tll
1151 1063 1213 1119 Cor.
1229 1076 1258 1115 v.
1274 1060 1329 1131 ΓΙ).
1349 1060 1511 1132 Imprudens
1524 1059 1571 1116 ille
1586 1060 1690 1126 senior,
1705 1058 1752 1130 qui

99 1146 146 1202 dat
173 1148 279 1220 flagella
309 1150 455 1206 sabamae:
490 1153 554 1208 Noli
579 1152 671 1210 altum
702 1169 819 1225 sapere,
849 1152 895 1209 sed
948 1149 1070 1205 laborem
1085 1150 1171 1219 novit,
1191 1149 1313 1207 laetitiam
1328 1164 1383 1205 uon
1399 1149 1484 1206 novit.
1500 1151 1565 1206 lure
1588 1149 1691 1214 senior,
1707 1148 1753 1219 qui

100 1239 169 1293 lime
191 1238 326 1308 (llommr,
343 1241 401 1310 20).
416 1241 541 1315 Principe
554 1240 688 1298 diuitibus
704 1257 761 1300 non
779 1240 896 1312 superbe
948 1238 976 1293 in
991 1244 1124 1295 vetustate
1138 1238 1277 1311 perdurat,
1295 1246 1322 1293 et
1340 1254 1401 1310 quae
1423 1237 1525 1294 veteris
1547 1245 1611 1293 suut
1634 1236 1754 1293 bominis

100 1340 199 1398 supere
216 1326 241 1395 ll
265 1327 332 1383 lim.
354 1343 393 1395 vr,
417 1329 471 1399 17).
496 1328 625 1401 Flagella,
647 1331 742 1402 iuquit,
759 1328 895 1401 praecide-
950 1336 1037 1396 curat,
1057 1329 1103 1401 qui
1122 1329 1213 1385 earnis
1236 1328 1293 1401 ugit
1316 1344 1418 1394 curam,
1434 1334 1463 1383 et
1487 1328 1510 1382 si
1524 1343 1578 1384 non
1593 1329 1620 1382 in
1636 1325 1751 1391 deliciis,

99 1422 174 1485 runt,
188 1415 305 1470 radicem
326 1416 529 1488 nequiverunt:
554 1419 713 1474 exciderunt
735 1419 806 1490 quod
830 1418 896 1473 omi·
951 1424 1042 1473 umen
1064 1418 1092 1472 in
1114 1417 1285 1474 desideriis:
1307 1417 1336 1471 in
1359 1415 1503 1472 desideriis
1525 1416 1636 1488 copiose
1662 1414 1751 1485 possi·

99 1502 194 1567 nebat,
209 1516 263 1558 uon
279 1511 427 1573 potuemnl
447 1506 521 1577 quod
542 1505 652 1563 latebat.
673 1506 757 1562 Radix
772 1508 832 1578 ipsa
845 1521 897 1562 cu·
951 1507 1043 1574 deudi,
1058 1516 1087 1562 ct
1100 1506 1122 1561 si
1136 1522 1191 1562 uon
1207 1507 1420 1576 intemperanter
1443 1504 1546 1560 utendi.
1566 1505 1619 1572 Qui
1642 1503 1752 1565 notant,

99 1589 209 1662 piditas,
239 1591 375 1663 flagellum
403 1593 492 1650 honor
510 1601 538 1650 et
565 1595 715 1651 sublimitas
730 1613 737 1650 ι
767 1595 898 1666 concupi·
913 1580 936 1658 Β
951 1597 1048 1668 inquit,
1064 1611 1120 1650 uon
1133 1594 1249 1661 delicati,
1260 1595 1309 1650 sed
1319 1595 1419 1651 diuites
1433 1593 1654 1663 fieri,incidunt
1664 1595 1697 1648 in
1710 1591 1755 1647 de

101 1679 204 1736 scentia
234 1680 310 1751 quasi
333 1681 418 1750 radix,
443 1698 516 1738 curae
539 1683 616 1755 quasi
639 1684 756 1758 flagella.
777 1684 898 1740 adverte
952 1682 1486 1752 commatratmtnnnnoctm(1
1503 1683 1621 1749 Timvr,
1637 1678 1677 1748 9).
1692 1679 1754 1733 Ιιιιι-

102 1786 183 1843 quam
198 1770 340 1845 signanter
357 1771 485 1844 loquitur.
502 1773 558 1829 Nos
581 1773 608 1828 in
627 1773 836 1830 sublimitatibus
850 1773 899 1829 de·
953 1772 999 1828 tile
1020 1779 1048 1828 et
1059 1771 1184 1828 nocivum
1203 1769 1381 1834 desiderium,
1396 1767 1453 1834 ubi,
1475 1767 1526 1823 etsi
1545 1764 1695 1822 necessitas
1712 1771 1755 1819 est

101 1857 177 1914 licias
192 1859 354 1914 arbitramur
370 1874 376 1912 :
402 1860 537 1932 Propheta
551 1860 659 1935 flagella
677 1869 765 1918 vocat.
791 1861 898 1935 Flagel-
953 1862 981 1917 in
995 1876 1089 1929 causa,
1104 1857 1230 1914 nimietas
1244 1866 1286 1914 est
1300 1857 1327 1911 iu
1351 1871 1426 1912 eura.
1446 1854 1514 1910 blala
1540 1854 1599 1909 sitis
1610 1853 1695 1907 ardor
1709 1854 1757 1905 lra-

101 1945 230 2003 lautvere
241 1953 266 2002 el
277 1947 416 2004 exconant
425 1947 555 2022 animum,
565 1959 593 2006 et
603 1950 761 2009 exulcerant
775 1961 899 2007 tenerum
953 1949 1047 2007 bendi.
1067 1951 1130 2004 Haec
1138 1963 1207 2020 ergo
1224 1956 1267 2002 est
1281 1956 1355 2003 tenu
1369 1945 1475 2009 sitiens,
1490 1944 1525 2000 de
1540 1958 1594 2014 qua
1605 1940 1715 2014 pietatis
1729 1949 1758 1994 et

103 2046 132 2091 et
158 2036 294 2092 intentum
309 2038 336 2093 iu
350 2038 458 2095 Christo
471 2039 610 2096 allectum.
627 2041 724 2097 lulelix
739 2042 833 2114 plane,
854 2041 899 2114 qui
954 2038 1018 2095 fidei
1033 2038 1109 2094 radix
1123 2036 1229 2092 infirme
1244 2044 1271 2091 et
1286 2034 1424 2091 humiliter
1437 2033 1570 2099 aseendit,
1586 2033 1630 2088 vix
1645 2045 1677 2087 se
1691 2047 1760 2102 pau·

103 2123 132 2181 iu
147 2125 328 2182 exterioribus
351 2126 420 2183 adeo
443 2128 572 2195 induruit,
596 2137 699 2185 utnon
727 2129 826 2186 sentiat
841 2130 901 2186 haee
953 2125 1038 2182 lulum
1052 2126 1087 2181 ab
1106 2124 1167 2179 imis
1189 2124 1343 2194 subrigens.
1370 2122 1493 2194 Denique
1518 2135 1574 2177 non
1597 2127 1689 2192 potest
1705 2119 1757 2173 ista

104 2229 165 2271 ⁸³³⁰
173 2213 295 2286 flagella.
308 2216 358 2272 sed
372 2216 482 2288 gaudia.
502 2219 727 2290 utapelmmmnt
740 2236 795 2286 nte,
809 2224 899 2276 elnon
955 2231 1009 2272 uon
1036 2214 1176 2288 languere,
1199 2213 1244 2269 ubi
1272 2212 1367 2268 mundi
1394 2211 1531 2267 desideria
1558 2209 1705 2274 luxuriant,
1730 2216 1757 2263 et

103 2305 279 2369 scneitl’rou.
292 2319 375 2374 asur,
391 2307 446 2376 35.)
459 2309 572 2365 Deserto
583 2310 713 2378 [nctncst
722 2309 805 2364 vinco
815 2306 900 2363 Sobo—
954 2321 1031 2360 saure
1045 2303 1190 2358 diluuntur
1204 2301 1379 2375 propagines.
1395 2300 1468 2356 Felix
1482 2299 1529 2372 qui
1544 2300 1593 2354 lras
1608 2316 1623 2353 a
1639 2313 1669 2354 se
1683 2295 1756 2352 erci-

105 2407 162 2446 mo.
179 2391 249 2447 Vere
263 2395 369 2448 deserta
383 2409 399 2447 a
414 2393 537 2464 patribus
552 2395 662 2463 nostris,
678 2395 724 2468 qui
745 2395 902 2450 nesciemnt
955 2392 1035 2459 derit,
1051 2393 1078 2446 in
1091 2406 1146 2463 quo
1161 2391 1268 2446 deserta
1282 2389 1408 2462 neglecta
1422 2389 1554 2444 estsinea
1569 2387 1701 2450 Sabanis,
1717 2384 1757 2437 ri·

105 2477 303 2549 possessiones,
319 2481 368 2535 sod
384 2481 513 2552 pietatem
527 2483 672 2549 excolere;
688 2498 742 2538 nou
759 2484 840 2538 rebus
855 2484 902 2537 in·
957 2497 1008 2538 uea
1022 2480 1125 2537 scilicet
1140 2495 1201 2552 quae
1226 2478 1396 2535 altitudinem
1420 2492 1496 2533 suam
1512 2474 1619 2539 attollit,
1636 2473 1756 2528 altitudi-

107 2566 230 2634 tendero,
247 2569 295 2624 sed
311 2568 446 2643 religioni.
463 2569 487 2626 O
502 2574 643 2644 tempora!
661 2571 798 2629 omoresl
823 2571 902 2629 blodo
957 2586 1018 2626 nam
1032 2569 1244 2627 conversationis
1261 2567 1297 2622 ad
1310 2567 1425 2640 gradum
1444 2565 1620 2637 praelationis.
1637 2563 1758 2620 monna

106 2654 166 2712 iere
186 2670 283 2711 omnes
306 2657 399 2712 mnndi
421 2657 449 2713 in
472 2674 502 2714 se
529 2675 639 2715 sensum
660 2661 795 2731 excolunt,
811 2662 903 2717 mundi
958 2659 1031 2715 enim
1046 2659 1127 2715 etiam
1141 2656 1240 2728 aliqua
1252 2655 1396 2713 conversio
1416 2654 1534 2711 dicitur:
1552 2668 1615 2708 nam
1631 2651 1680 2722 qui
1694 2666 1762 2706 eou-

108 2743 191 2813 hujus
206 2743 328 2814 spiritum
343 2745 444 2802 habere
462 2764 492 2803 se
502 2749 631 2820 madent,
647 2749 808 2820 sapientiam
824 2751 904 2821 huius
959 2746 1091 2803 versionis
1104 2743 1275 2816 aliquatenus
1290 2743 1417 2800 videntur
1430 2742 1552 2817 attigisse
1566 2740 1657 2805 initia,
1669 2738 1707 2809 lai,
1720 2738 1763 2792 in·

109 2829 294 2903 rnuudi,'quae
310 2833 421 2890 stultitia
432 2843 476 2891 est
489 2836 562 2908 apud
583 2837 679 2908 Deunu
695 2854 756 2911 quaa
777 2838 833 2911 legi
852 2839 903 2895 Dei
959 2848 1052 2906 quam,
1067 2830 1163 2906 magis,
1179 2831 1256 2903 quasi
1270 2847 1375 2887 summa
1398 2829 1517 2904 llagella,
1532 2827 1687 2883 ambitionis
1699 2827 1762 2899 agi-

109 2921 208 2987 noseit,
223 2923 277 2976 imo
291 2922 386 2994 nequit
405 2939 466 2981 esse
487 2925 696 2997 subjectanea
718 2926 791 2982 enim
815 2882 941 2998 potestc
960 2928 1052 2977 tantur·
1066 2927 1157 2976 vento.
1175 2920 1225 2974 Per
1247 2934 1277 2975 se
1301 2919 1367 2974 satis
1390 2921 1447 2974 lraec
1471 2917 1601 2990 plantatio
1624 2914 1761 2977 luxurialz

110 3009 242 3081 cupiditas
256 3012 359 3068 serviro
375 3012 508 3084 charitati,
535 3030 589 3071 uon
604 3015 677 3070 novit
689 3013 804 3070 aliorum
822 3030 906 3072 onera
959 3025 1010 3082 per
1024 3007 1160 3075 seoritur,
1176 3007 1222 3062 ubi
1236 3022 1290 3064 nou
1301 3007 1461 3074 seminatur,
1477 3014 1506 3062 et
1519 3005 1605 3078 surgit
1620 3005 1763 3060 dumsue-

109 3102 235 3170 portare;
245 3098 332 3171 magis
347 3108 436 3156 autem
451 3116 501 3156 sua
515 3101 576 3157 aliis
596 3102 756 3174 impingere.
774 3103 906 3158 acerrimi
960 3096 1077 3156 cidilur:
1092 3105 1236 3169 pmpterea
1249 3112 1305 3154 nou
1327 3097 1431 3170 indiget
1455 3095 1581 3167 plantari,
1598 3094 1646 3149 sed
1661 3109 1762 3164 ampu-

111 3193 312 3260 corrogatores,
333 3188 482 3258 parcissimi
498 3199 666 3265 erogatores,
686 3198 715 3246 ut
738 3206 804 3247 rere
817 3191 843 3245 iu
867 3192 908 3247 cis
962 3184 1276 3258 tari;nonorco1i,sed
1294 3184 1390 3241 erum.

112 3273 147 3330 de
161 3274 206 3331 Cis
223 3275 289 3332 Saul
303 3285 383 3333 uatus
394 3277 529 3334 videatur.
541 3279 585 3333 Cis
598 3295 716 3352 uanique
731 3280 828 3347 Durus,
844 3279 909 3336 Saul
997 3285 1024 3338 7.
1041 3282 1095 3339 Sed
1109 3283 1165 3353 jam
1181 3281 1232 3336 ista
1246 3280 1382 3336 subiciant
1395 3294 1445 3350 pro
1459 3295 1504 3350 eo,
1518 3278 1591 3351 quod
1606 3291 1661 3331 nori
1676 3291 1762 3347 expo·

112 3370 203 3419 autern
218 3364 325 3431 Petitio,
343 3365 369 3420 id
383 3375 434 3432 cst,
451 3367 486 3423 de
500 3367 612 3423 avaritia
626 3367 749 3433 aviditas,
767 3366 803 3423 de
817 3369 908 3440 parci·
963 3373 1018 3428 diat
1032 3379 1144 3444 propter
1164 3370 1231 3425 alios
1253 3369 1471 3425 extrortatiouem
1494 3383 1577 3439 quam
1598 3365 1696 3436 exigis,
1717 3365 1762 3419 la-

113 3459 168 3508 tate
183 3451 352 3523 improbitas.
368 3454 457 3511 Durus
470 3461 568 3511 ventus
581 3454 681 3527 aquilo,
695 3455 730 3511 ab
749 3471 783 3510 eo
806 3471 907 3529 conge·
963 3478 1035 3519 cere.
1062 3460 1116 3516 Sed
1137 3460 1264 3531 quoniam
1286 3459 1343 3526 jam
1372 3456 1509 3528 abnuente
1533 3457 1559 3509 in
1585 3453 1763 3509 ambitionem

112 3542 174 3598 latae
197 3550 260 3598 sunt
283 3559 384 3616 aqum:
404 3545 493 3602 suavis
519 3554 621 3618 auster,
644 3545 680 3601 ad
712 3547 790 3616 cujus
817 3546 908 3601 ilatum
964 3550 1090 3616 mximas,
1115 3563 1266 3618 congruum
1294 3547 1345 3602 erit
1368 3545 1392 3600 si
1413 3546 1449 3600 do
1471 3543 1682 3616 presumptione
1706 3556 1763 3597 non

114 3630 309 3687 misericordia
333 3639 362 3687 et
387 3633 528 3688 eharitatis
546 3634 635 3689 linunt
663 3645 793 3691 ammata.
821 3634 911 3690 Durus
965 3640 1071 3711 penitus
1084 3637 1223 3692 sileamus.
1240 3634 1444 3692 confutavimus
1464 3633 1525 3690 illos
1547 3649 1581 3688 ex
1599 3639 1688 3704 parte,
1704 3631 1763 3702 pri·

114 3723 194 3790 pater
215 3716 273 3789 Cis,
290 3719 384 3774 suavis
399 3719 456 3785 ille,
479 3721 514 3774 de
540 3737 595 3792 quo
614 3722 694 3776 lesus
717 3721 840 3777 Christus
857 3737 863 3775 τ
880 3725 912 3781 ttt
965 3734 1028 3783 vata
1045 3725 1092 3796 qui
1105 3724 1252 3795 cupiditate
1267 3723 1300 3779 ad
1321 3723 1374 3778 alta
1399 3723 1536 3787 seruatum
1553 3720 1764 3786 confundamus,

115 3806 189 3873 sitia
204 3805 301 3877 inquit,
312 3808 368 3877 pilii
379 3809 474 3865 Patris
487 3811 583 3873 vestri,
600 3809 650 3882 pai
661 3810 731 3865 oriri
743 3813 814 3881 sccii
826 3808 912 3867 sokm
965 3816 1020 3870 imo
1034 3822 1062 3870 et
1075 3827 1297 3869 commoneamus
1311 3821 1340 3867 et
1357 3812 1418 3867 illos
1432 3811 1478 3883 qui
1503 3811 1630 3864 fraternae
1644 3807 1767 3863 necessi-

116 3912 200 3952 tanm
211 3896 423 3969 superbonoect
438 3897 528 3953 malos
542 3897 655 3968 (llatlb.
672 3915 699 3968 o,
713 3899 768 3971 lb).
967 3902 1028 3958 tatis
1042 3900 1155 3958 obtentu
1169 3917 1199 3956 se
1214 3900 1301 3956 teneri
1322 3899 1491 3972 gloriantur:
1516 3897 1626 3970 quibus,
1641 3894 1766 3951 laudabi-

152 3988 179 4038 b.
195 3983 282 4051 Quam
297 3983 440 4040 dissimiles
454 4001 546 4040 rerum
556 3985 735 4042 aesfimalores
745 3987 772 4042 in
787 4003 913 4044 coemen-
966 3992 1027 4047 liter
1050 3989 1160 4064 quidem
1185 3989 1326 4061 occupatio
1349 3986 1440 4063 gravis
1460 3994 1511 4052 est,
1527 3994 1554 4041 et
1568 3993 1646 4058 grata
1664 3983 1763 4056 quies:

116 4073 158 4129 dis
170 4079 200 4128 el
216 4071 244 4128 iu
261 4073 443 4146 transigendis
459 4090 513 4130 non
530 4074 672 4146 operibus,
687 4075 736 4130 sed
757 4078 908 4134 mercibus!
967 4080 1015 4136 sed
1029 4087 1119 4134 tamen
1134 4077 1208 4132 innui
1223 4078 1277 4132 imo
1291 4076 1418 4133 insolenti
1433 4082 1461 4132 et
1476 4075 1579 4131 tumido
1594 4075 1691 4129 timore
1705 4087 1767 4127 mo·

117 4177 198 4234 quam
213 4171 310 4234 arguto
323 4163 358 4219 do
373 4162 428 4220 oris
451 4163 493 4218 sui
512 4164 620 4220 saeculo
635 4163 751 4236 duplicia
767 4167 910 4236 proferen-
927 4184 950 4262 ὓ
967 4177 1075 4236 ventur,
1091 4166 1114 4223 si
1136 4165 1283 4239 magisterii
1302 4165 1418 4238 gradum
1440 4163 1585 4229 dimittant,
1609 4178 1645 4218 ne
1667 4159 1768 4217 nonsit

116 4257 158 4307 les
173 4249 314 4320 pondera!
330 4250 386 4307 nati
397 4258 424 4306 et
439 4250 528 4308 edocti
544 4249 680 4316 videntur,
697 4267 751 4308 nou
766 4255 837 4324 apud
853 4269 911 4309 mo·
966 4257 1009 4313 eui
1022 4259 1084 4328 jure
1110 4255 1285 4311 commitam:
1309 4256 1355 4327 qui
1379 4255 1516 4327 sapientes
1538 4260 1600 4308 sunt
1628 4252 1657 4306 iu
1679 4250 1768 4307 nouis

116 4339 269 4407 nacbatum,
299 4340 350 4397 sed
382 4339 454 4412 apud
484 4348 657 4397 mercatum:
685 4342 712 4396 in
747 4344 798 4399 boc
828 4360 910 4399 sensu
965 4347 1032 4417 suis,
1048 4356 1181 4402 eteorum
1195 4343 1350 4418 semetipsis
1374 4343 1542 4416 pmdentes;
1557 4341 1604 4413 qui
1625 4341 1677 4406 hoc
1689 4339 1768 4395 vani·

115 4428 264 4500 abundant,
292 4429 359 4486 satis
387 4428 505 4486 tenuiter
534 4439 561 4486 et
584 4429 690 4487 exiliter
717 4439 745 4487 et
770 4433 841 4489 sicce
876 4433 911 4489 de
966 4434 1029 4490 tatis
1051 4449 1105 4490 uon
1128 4432 1249 4490 conteuti
1267 4431 1365 4505 gradu
1380 4447 1442 4487 curn
1467 4430 1525 4485 Elia
1546 4429 1598 4485 soli
1612 4426 1700 4484 relicti
1714 4427 1768 4482 sibi

115 4517 224 4575 Christo
251 4517 403 4592 sapientes.
427 4518 542 4591 Propter
562 4519 636 4591 quod
658 4521 814 4591 propheta:
840 4522 909 4578 Bro—
965 4523 1091 4581 videntur
1103 4522 1153 4594 llll
1172 4524 1235 4593 Rep.
1252 4536 1333 4584 ιιιιιι,
1353 4522 1397 4585 22,
1413 4528 1441 4574 et
1460 4533 1521 4585 arx,
1538 4517 1593 4586 lb).
1613 4514 1766 4585 Qemdam

114 4608 211 4665 obium
230 4609 346 4665 Domini
364 4611 414 4665 cni
427 4609 582 4666 revelatum
592 4614 674 4668 estet
687 4612 817 4670 ascendit
831 4616 911 4686 quusi
965 4628 995 4668 se
1009 4613 1103 4668 bloseu
1127 4616 1263 4682 reputant,
1288 4608 1337 4664 sed
1361 4623 1443 4680 supra
1465 4607 1569 4665 blesen.
1584 4602 1632 4660 llle
1645 4619 1768 4675 namque

114 4696 272 4769 oirpultum
280 4713 377 4753 eornm
386 4712 427 4763 eo,
438 4701 558 4770 etpuosi
567 4698 653 4755 nodie
663 4700 696 4755 de
711 4706 788 4757 terro
803 4703 911 4759 sitienti
964 4701 1040 4771 dicit,
1055 4701 1185 4768 Domine,
1195 4696 1607 4772 providentiamqucmmiltcs
1617 4691 1767 4764 (linoduv,

115 4784 190 4853 (leo.
211 4799 270 4851 ιιιι,
284 4788 311 4854 l,
328 4785 367 4853 8).
383 4784 456 4840 Nibil
481 4785 611 4857 validum,
628 4786 694 4842 nibil
712 4789 839 4854 sublime,
860 4791 910 4846 sed
966 4791 1030 4861 l3):
1047 4789 1091 4844 isti
1105 4787 1207 4853 dicunt,
1222 4785 1282 4840 Non
1306 4792 1349 4841 est
1368 4784 1446 4853 alius,
1462 4786 1587 4854 Domine,
1603 4799 1685 4858 quern
1699 4783 1767 4839 mit·

112 4873 250 4931 infirmum
273 4881 301 4930 et
318 4874 430 4940 humile,
447 4883 476 4933 el
502 4886 603 4948 prater
628 4877 757 4949 simplicis
790 4879 910 4935 radicem
966 4888 1015 4935 tas.
1032 4873 1241 4951 Apprebendcl,
1255 4873 1344 4945 inquit
1363 4874 1456 4941 isaias,
1472 4878 1517 4931 oir
1530 4878 1652 4946 tratrem
1667 4889 1766 4937 suum,

113 4962 184 5031 fidei,
200 4962 365 5020 sublimioris
383 4971 409 5018 et
436 4962 535 5020 divinae
551 4964 596 5021 vix
614 4964 715 5037 aliquid
743 4966 910 5039 attingentes
964 4968 1148 5023 dmneslt'crtm
1161 4964 1325 5038 patruini:
1341 4965 1542 5021 testimenium
1552 4965 1604 5020 tibi
1617 4966 1670 5028 est,
1685 4966 1768 5033 prin·

111 5052 262 5124 sapientia.
283 5052 380 5108 Paulus
394 5051 476 5108 dieil:
493 5054 744 5124 Fructificonleset
757 5060 912 5112 mercantes
963 5073 1027 5128 ceps
1041 5060 1099 5112 calo
1113 5056 1216 5110 notter.
1232 5050 1303 5122 Quid
1317 5051 1361 5108 ille
1370 5054 1385 5106 i
1395 5055 1455 5110 lton
1468 5069 1534 5109 rum
1548 5051 1684 5119 mmicur,
1695 5055 1725 5106 el
1734 5051 1767 5105 in

111 5139 146 5195 ln
158 5143 280 5199 scama
293 5144 343 5200 Dei
357 5141 472 5212 (coba.
487 5157 507 5208 t,
524 5145 568 5213 lb)
582 5141 644 5196 :isti
658 5150 789 5207 econtra,
800 5143 910 5214 propria
963 5145 1042 5202 denso
1054 5157 1117 5197 meo
1132 5157 1190 5199 non
1199 5147 1239 5198 est
1248 5143 1330 5214 panis
1344 5157 1432 5214 nepae
1444 5142 1655 5198 uestimentum.
1671 5141 1766 5198 Noble

111 5240 167 5282 uon
176 5230 307 5287 contentii
317 5230 433 5300 inscitia,
444 5238 622 5287 contemnunt
631 5229 745 5286 aliomm
755 5230 908 5298 seientiam,
962 5231 1134 5291 umatum
1144 5247 1189 5287 mc
1199 5231 1358 5304 principem
1368 5230 1433 5299 (bn.
1444 5245 1485 5295 ιιι,
1495 5233 1522 5293 b,
1535 5230 1573 5298 t).
1584 5231 1623 5284 rte
1636 5228 1764 5284 sidicat:

110 5320 140 5369 et
158 5313 242 5369 invidi
258 5319 449 5390 estimamres,
464 5319 604 5392 sapientire
624 5317 712 5374 studia
732 5317 907 5374 stoliditatem
962 5321 1023 5375 Non
1041 5317 1141 5376 sufficit
1155 5327 1186 5374 ut
1198 5319 1390 5377 vestimentum
1405 5318 1470 5373 mibi
1495 5318 1538 5387 ait,
1560 5316 1612 5372 nisi
1626 5314 1762 5382 abundet,

107 5400 463 5472 homoousianorum
482 5407 658 5467 subtilitatem
676 5405 789 5466 usaria
803 5405 846 5463 rel
860 5407 903 5476 ja·
963 5416 994 5464 nt
1006 5418 1035 5465 et
1054 5407 1115 5466 aliis
1127 5408 1291 5481 impertiam.
1314 5407 1377 5466 Nou
1397 5417 1439 5464 est
1451 5407 1516 5462 sads
1535 5413 1565 5462 ut
1577 5405 1762 5479 principatum
