3706 5962
72 175 104 233 53
736 174 770 236 lli
789 174 926 238 cthllcl
944 172 1052 236 saluo
1069 173 1117 236 lit.
1687 176 1723 236 ct

69 315 150 358 mam
162 298 268 356 matria
280 314 361 358 mele.
376 297 431 356 Sed
443 298 499 371 jam
509 298 771 374 vigiantersingnla
784 300 871 359 consi
884 316 908 395 Α
924 298 1022 373 inquit,
1044 296 1220 372 sapientiem
1240 302 1269 355 et
1287 297 1501 370 amplexabitur
1521 303 1548 356 te
1573 301 1665 370 (Pron
1681 317 1721 370 nv,

69 390 212 446 deremus.
226 386 320 445 Primo
338 387 481 446 considere
501 381 582 462 quani
601 388 657 446 sint
679 389 771 445 letitia
789 390 870 464 plena
924 391 995 459 b-tlt.
1010 388 1133 460 lienique
1148 394 1175 444 et
1188 388 1221 445 de
1230 385 1395 461 quibusdam
1409 386 1518 453 dicitur,
1534 388 1608 462 quod
1624 391 1721 450 tenuit

67 479 124 534 hauc
133 478 240 535 verba:
254 476 363 545 inveni,
374 476 475 549 inquit,
485 479 574 544 tenui,
583 493 635 534 mec
642 476 805 547 [dimittam.
817 481 871 537 lda-
923 496 968 537 eos
977 473 1121 553 superbio.
1133 478 1204 547 Quid
1215 485 1256 535 est
1272 477 1376 543 temnit,
1390 474 1453 540 nisi,
1464 475 1591 542 irretivit,
1599 486 1626 532 et
1633 478 1722 552 impli-

67 583 137 639 gnus
151 567 199 623 ille
214 567 370 638 patriarcha
388 567 527 623 Abraham
545 566 648 641 legitur
661 566 761 624 vidisse
776 564 869 624 Domi·
922 568 1003 637 eavit,
1020 576 1046 624 et
1069 567 1170 623 inolitae
1183 565 1389 624 consuetudinis
1405 564 1586 622 indissolubili
1604 565 1653 639 [ai.
1669 567 1720 625 de·
1742 570 1744 575 ’

65 672 140 725 anm,
154 671 217 712 non
236 655 387 712 invenisse.
403 656 534 727 Apparuit
554 655 626 713 enim
650 656 675 712 ei
697 656 768 712 ultro
787 658 869 714 stanti
921 656 1014 730 licatol
1029 655 1158 730 obligavit
1171 655 1279 714 vinculo
1294 656 1308 711 i
1325 657 1383 712 Hoc
1397 655 1469 712 enim
1487 662 1529 710 est
1543 654 1617 727 quod
1631 656 1722 730 sequi·

65 745 89 800 in
103 744 178 800 ostio
194 744 365 800 tabernaculi
380 745 414 800 ad
432 743 588 801 meridiem.
603 744 728 817 Denique
741 761 868 817 egressus
921 755 974 812 tur,
994 746 1090 820 Operti
1103 751 1172 804 suut
1182 747 1337 821 iniquitate
1351 751 1380 801 et
1399 745 1550 820 impietate
1564 762 1616 802 suc
1631 746 1720 817 (Psoi.

64 834 96 889 de
122 833 304 891 tabernaculo
326 833 434 904 obvius,
453 833 565 890 sedulus
588 834 640 889 sub
664 833 724 892 ilice
748 835 868 892 exhibuit
921 837 1099 905 nxxrr,6):ut
1112 851 1167 892 nou
1181 833 1260 891 facile
1270 835 1395 893 evolvere
1405 842 1432 891 et
1441 834 1578 906 exphmre
1588 835 1624 890 ab
1633 833 1680 890 illa
1691 851 1721 892 se

64 921 184 979 officinm
200 924 281 992 (Gen.
294 937 378 988 aviis,
392 924 447 995 l-8)
465 937 471 976 :
488 922 515 977 in
530 922 736 980 tabemncnlum
749 939 814 981 vero
829 924 868 980 in·
920 924 1488 998 possint.Etutampliusdicam,quasicute
1498 923 1629 998 quadam,
1640 924 1724 981 siali·'

64 1013 213 1069 trodncere
231 1028 287 1069 non
311 1011 420 1082 meruit,
435 1011 537 1068 nedum
559 1012 587 1067 in
611 1012 776 1071 cubiculum.
792 1012 869 1070 Vidit
921 1014 966 1087 qui
977 1029 1061 1086 prava
1075 1014 1162 1086 operti
1176 1021 1202 1071 et
1216 1014 1330 1071 involuti
1349 1022 1412 1070 sunt
1430 1013 1627 1071 consuetudine
1640 1008 1732 1072 vitio-‘¹

66 1108 92 1156 et
104 1101 218 1173 llopses
234 1110 414 1174 apparentem
428 1100 480 1157 sibi
496 1100 524 1156 in
538 1101 631 1157 Horeb
648 1100 803 1168 mutinum,
818 1100 867 1158 sed
920 1117 991 1168 rum,
1003 1110 1032 1156 ut
1042 1101 1116 1158 illam
1127 1102 1267 1159 dediscere
1277 1111 1305 1159 et
1314 1103 1490 1170 desuescere,
1498 1118 1552 1159 non
1560 1110 1615 1159 tam
1625 1118 1720 1175 exspe

66 1198 159 1246 tenere
180 1206 237 1246 non
261 1189 373 1256 meruit,
389 1181 507 1263 qui'nec
525 1187 675 1262 permissus
697 1198 740 1246 est
755 1189 868 1262 propius
921 1190 1720 1264 lierisit,quamoxcorinri.lncup'usreiindiciumlorteins·

66 1279 197 1335 accedere
211 1278 313 1349 tliaod.
328 1295 381 1336 xlx
403 1277 559 1351 clxxxiv).
576 1278 649 1336 Vidit
670 1279 754 1336 Jacob
777 1278 868 1334 Domi·
920 1279 1718 1355 titutiolegiscontinethostiaepellemabstrahi(ievit.1,ti).

67 1385 141 1433 num,
155 1366 210 1424 sed
231 1367 299 1424 vidit
320 1367 348 1422 in
370 1367 483 1440 somnis,
501 1376 529 1424 et
550 1368 584 1423 de
604 1367 689 1442 longe
705 1367 773 1426 vidit
787 1367 868 1424 scalae
956 1372 983 1426 3.
999 1369 1067 1424 Nem
1082 1384 1098 1425 e
1111 1370 1232 1442 regione,
1249 1371 1322 1445 quod
1338 1372 1431 1429 stricta
1445 1372 1574 1428 sacerdos
1589 1369 1666 1426 indui
1680 1370 1719 1440 jn·

66 1456 187 1512 innixum
202 1458 284 1527 (Gen.
296 1471 418 1521 xxxviii,
435 1460 478 1525 la,
495 1457 550 1526 lb).
565 1457 634 1513 Nam
648 1454 700 1514 etsi
713 1459 868 1529 apprehen·
920 1457 999 1514 betur
1012 1458 1085 1516 linea
1096 1477 1103 1526 3
1115 1459 1240 1517 Veritatis
1256 1469 1282 1517 te
1296 1461 1354 1517 vult
1364 1461 1434 1517 illius
1449 1478 1511 1534 quae
1521 1461 1556 1516 de
1573 1468 1645 1516 terra
1657 1465 1719 1516 orta

66 1545 104 1601 dit
117 1545 259 1617 angelum,
270 1561 326 1601 non
339 1552 431 1603 tamen
446 1544 557 1602 retinuit
571 1560 577 1601 :
593 1546 642 1602 sed
656 1546 773 1619 quadam
786 1545 867 1603 luctae
922 1553 973 1612 est,
988 1548 1082 1605 habitu
1095 1549 1196 1605 arctius
1215 1549 1339 1621 astringi,
1356 1549 1389 1605 'ut
1402 1566 1453 1619 per
1466 1566 1495 1605 se
1508 1548 1675 1606 castimoniae
1689 1558 1719 1605 et

66 1633 196 1690 riolentia
213 1633 414 1691 benedictionis
437 1635 550 1690 extorsit
569 1635 684 1707 gratiam
704 1635 755 1706 (ld.
771 1650 864 1703 xxxu,
882 1635 1045 1717 flpuritatis
1059 1643 1087 1693 et
1108 1637 1272 1693 innocentiae
1287 1637 1337 1692 tibi
1350 1637 1437 1691 virtus
1460 1635 1602 1700 inhaereat,
1619 1641 1646 1690 et
1669 1649 1717 1708 ag-

66 1726 177 1791 tt-aa),
193 1722 281 1777 amisit
310 1723 496 1795 presentiam,
512 1731 541 1780 et
564 1723 667 1781 idcirco
695 1723 787 1780 dicere
811 1740 865 1781 nou
919 1725 1068 1799 glutinetur
1082 1724 1149 1782 tibi:
1167 1725 1256 1781 sedet
1274 1724 1368 1782 omnia
1382 1723 1531 1780 sacerdotis
1545 1723 1715 1790 indumenta,

66 1811 151 1883 potnit
166 1826 175 1864 ε
192 1813 253 1870 Nom
276 1811 428 1869 dimittam
448 1812 546 1870 iilum.
565 1812 672 1871 Invenit
691 1812 768 1868 illum
782 1812 866 1870 illaria
919 1814 959 1873 vel
975 1814 1115 1881 catenulis,
1138 1813 1182 1872 vel
1205 1813 1302 1870 balteis
1319 1813 1363 1871 vel
1381 1813 1454 1870 vitiis
1469 1811 1583 1869 astricta
1597 1820 1623 1868 et
1637 1812 1717 1870 colli-

66 1899 236 1972 ilagdalene,
250 1900 299 1956 sed
316 1900 450 1972 prohibita
473 1908 516 1959 est
534 1916 589 1957 non
611 1901 673 1958 dico
695 1908 799 1967 tenere,
816 1901 882 1958 sed¹
918 1909 983 1974 gata
995 1901 1048 1958 sibi
1061 1903 1119 1959 vuli
1130 1918 1189 1958 esse
1203 1903 1249 1959 lex
1263 1900 1365 1975 (huod.
1376 1902 1501 1974 xxviro:
1517 1908 1615 1957 utcum
1625 1900 1718 1957 indue·

67 1990 142 2045 etiam
157 1997 274 2062 ungere
287 1990 380 2061 (iona.
395 2005 445 2057 xx,
459 1994 503 2057 ld,
521 1992 576 2061 17),
593 1989 655 2063 quia
670 2006 755 2062 penes
768 2006 865 2046 monu-

66 2086 185 2134 mentum
204 2078 288 2134 vitam
307 2077 442 2151 qnaesivit.
456 2077 583 2152 Suscepit
601 2078 647 2134 diu
666 2086 863 2152 exspectatum,

66 2175 90 2223 et
110 2167 254 2239 insperato
271 2167 411 2225 mrentum
434 2183 520 2226 senex
541 2168 586 2225 ille
608 2167 719 2225 Simeon
743 2169 771 2223 in
787 2167 864 2224 ulnas

65 2271 133 2322 snas,
148 2264 178 2312 et
197 2255 389 2332 gratulationis
407 2257 485 2314 laetus
498 2257 587 2329 erupit
605 2257 634 2313 in
653 2257 797 2325 canticum,
812 2256 863 2313 sed

65 2345 135 2403 vocis
148 2346 234 2416 hujus
247 2361 329 2402 nsum
343 2346 395 2402 sibi
409 2363 464 2404 nou
477 2347 651 2419 praesumpsit
666 2361 673 2400 ε
691 2348 750 2404 lion
764 2345 863 2403 dimit·

68 2440 123 2491 tom
135 2435 234 2493 illum.
250 2434 375 2508 Denique
390 2435 429 2492 sic
443 2435 481 2491 ait
496 2454 503 2490 :
519 2438 597 2494 Nunc
613 2436 737 2492 dimittis
750 2452 861 2494 seruam

69 2523 860 2597 snum,bomiue,reeeotumvu·iumtuumtopaeeltue.

66 2628 93 2675 u.
109 2615 151 2676 tt,
169 2616 227 2683 ee).
245 2613 346 2686 Utique
359 2611 387 2667 in
401 2627 468 2685 pace
483 2612 628 2668 dimittitur
647 2609 706 2669 Ἃ)
718 2612 822 2669 solutus
834 2620 863 2669 et

64 2697 250 2773 sequestratus
274 2715 402 2768 acerne,
419 2708 449 2757 ut
472 2718 528 2757 non
553 2700 669 2774 amplius
688 2702 862 2772 concupiscat

64 2788 194 2846 adversm
207 2789 335 2860 spiritum
350 2797 377 2846 et
390 2789 428 2845 iili
446 2797 590 2863 repugnet.
607 2787 656 2846 llle
670 2789 705 2844 ad
724 2787 788 2846 novi
802 2803 860 2843 am-

63 2878 170 2949 plexum
185 2878 278 2951 pueri,
290 2879 459 2938 senescentis
473 2878 602 2951 deposuit
616 2877 733 2935 hominis
745 2885 860 2934 rethma

918 1990 955 2046 ris
970 1991 1116 2048 Dominum
1129 1998 1252 2046 nostrum
1266 1993 1361 2047 iesum
1375 1989 1522 2059 Christum,
1544 2005 1605 2046 curu
1631 1997 1657 2045 te
1676 1988 1717 2044 in-

917 2078 1008 2135 dueris
1022 2079 1126 2136 viscera
1144 2078 1349 2147 misericordiae,
1370 2078 1580 2152 benignitatem,
1601 2077 1717 2133 charita·

917 2175 981 2236 tem,
990 2177 1017 2224 et
1026 2167 1148 2242 reliquas
1161 2183 1230 2240 quas
1246 2169 1320 2240 apud
1337 2167 1501 2240 Apostolum
1515 2166 1583 2240 legis
1602 2164 1717 2222 virtmes

916 2258 1031 2328 (Colore.
1042 2258 1084 2330 ιιι)
1095 2278 1102 2315 :
1115 2273 1176 2314 cunr
1191 2257 1291 2313 Christi
1306 2265 1332 2314 le
1346 2256 1399 2314 fide
1410 2255 1569 2313 memoriter
1578 2254 1713 2326 vestieris,

916 2353 944 2403 et
956 2347 1174 2418 contemplandae
1196 2347 1317 2403 veritatis
1331 2345 1542 2403 invisceraveris
1556 2344 1687 2401 affectum
1704 2362 1712 2410 ;

916 2435 1007 2491 omnia
1026 2434 1074 2491 tibi
1098 2443 1260 2507 coaptentur
1277 2443 1304 2491 et
1327 2436 1493 2502 cohaereant,
1517 2440 1544 2490 et
1567 2433 1716 2490 constricta

916 2523 979 2588 sint,
996 2523 1118 2594 nihilque
1133 2524 1205 2579 circa
1229 2532 1254 2579 te
1269 2524 1363 2594 vagari
1378 2532 1404 2578 et
1423 2525 1554 2579 fluctuare
1576 2521 1664 2594 possit
1689 2527 1724 2578 et·

916 2609 1316 2667 tentationisveldissolutionis
1325 2618 1407 2666 vento
1418 2608 1548 2665 follicare.
1563 2608 1615 2677 Qui
1626 2624 1655 2664 se
1669 2610 1717 2664 tali
1821 2635 1824 2642 ¹

915 2697 1022 2754 virtutis
1037 2697 1158 2753 vestierit
1173 2697 1275 2764 habitu,
1293 2705 1323 2752 ιιι
1337 2697 1363 2754 ei
1386 2697 1414 2751 in
1432 2703 1559 2752 naturam
1582 2711 1662 2751 versa
1676 2697 1716 2753 vi-

916 2786 1021 2852 deatur,
1043 2802 1098 2841 uon
1109 2801 1163 2859 ego
1178 2787 1250 2842 hunc
1266 2792 1320 2841 tam
1340 2793 1434 2841 tenere
1449 2800 1531 2856 quam
1545 2783 1631 2841 teneri
1641 2785 1716 2844 dixe·

915 2875 976 2930 rim.
993 2874 1128 2940 Territisti,
1139 2873 1236 2946 inquit,
1248 2890 1368 2930 meum
1377 2873 1526 2930 dexteram
1535 2888 1638 2938 mecm
1647 2873 1716 2927 etim

62 2970 124 3030 tenu
140 2971 172 3020 et
190 2963 222 3019 in
234 2963 447 3037 tranquilliorem
466 2973 567 3021 statum
587 2979 603 3018 a
621 2962 745 3035 corporis
764 2978 860 3020 corru-
877 2966 899 3045 c
914 2964 1118 3022 volentatetuu
1125 2961 1321 3020 deduxistime
1332 2962 1420 3032 (Pani.
1431 2961 1715 3032 nx111,il).Temrtisti

61 3051 163 3124 ptibilis
178 3067 271 3124 poena,
287 3061 313 3109 et
326 3053 416 3110 carnis
430 3069 522 3127 pugna
537 3052 635 3111 dimitti
649 3069 689 3119 se,
705 3051 749 3109 vel
763 3059 861 3124 postn-
915 3069 949 3109 ne
966 3069 1112 3126 pergerem
1131 3051 1160 3108 in
1177 3051 1325 3123 deiectum,
1339 3049 1524 3108 dednxistiin
1538 3049 1715 3121 multiplicem

61 3140 104 3207 lat,
118 3140 166 3198 rel
182 3139 299 3197 exsultat
313 3156 320 3197 ε
337 3157 438 3214 sponsa
452 3157 517 3199 vero
533 3140 662 3199 dilectum
677 3157 693 3196 a
706 3157 735 3196 se
750 3155 805 3198 non
819 3138 861 3195 di-
914 3141 1076 3213 proiectnm,
1088 3142 1279 3198 lovolautate
1292 3144 1343 3195 tua
1357 3138 1506 3196 deduami
1521 3154 1565 3195 me
1577 3159 1587 3207 ,·
1597 3137 1625 3194 id
1635 3138 1714 3194 estin

60 3229 225 3288 mittendum
251 3232 401 3303 presumit.
420 3232 456 3288 Et
478 3241 580 3306 quanto
608 3230 791 3306 precellentis
820 3237 861 3286 est
915 3230 1050 3287 voluntate
1063 3245 1156 3301 quaea
1178 3236 1204 3285 te
1219 3236 1270 3300 est,
1286 3236 1312 3285 et
1327 3245 1387 3301 quae
1401 3228 1551 3285 secundum
1566 3234 1593 3283 te
1616 3228 1713 3285 estin

57 3319 157 3391 gratiae
183 3335 240 3377 nun
264 3320 402 3379 dimittere
429 3321 504 3395 quod
532 3335 619 3391 ames,
634 3334 716 3394 quam
741 3317 859 3376 evadere
913 3320 1126 3391 voluntateque
1147 3318 1237 3391 magis
1247 3318 1359 3376 trahens
1373 3333 1454 3391 quam
1473 3324 1559 3374 tracta
1573 3322 1626 3372 est.
1642 3314 1713 3370 Nam

58 3408 134 3480 qnod
147 3409 280 3465 horreas?
389 3416 393 3423 “
865 3480 867 3485 Ι
913 3415 941 3464 et
955 3407 1230 3465 bonnmvoluutatem
1244 3423 1306 3463 cnm
1316 3407 1402 3463 multo
1412 3405 1504 3462 labore
1516 3417 1712 3477 nonnunquam

91 3503 121 3556 2.
138 3497 246 3555 Omnes
263 3498 290 3554 hi
304 3499 357 3556 etsi
369 3499 399 3555 in
413 3513 505 3569 carne,
520 3497 564 3556 vel
578 3497 666 3555 carnis
678 3495 770 3569 specie
785 3495 860 3554 vide·
913 3497 1049 3554 attrahere
1064 3495 1186 3567 nitimur,
1205 3503 1233 3552 et
1256 3495 1344 3568 magis
1365 3492 1558 3566 prosequimur
1573 3490 1651 3563 quasi
1666 3491 1679 3544 i
1700 3520 1712 3532 ·

56 3588 129 3655 rint;
146 3587 279 3659 quosdam
292 3587 336 3645 vel
350 3587 472 3657 visionis,
485 3586 530 3644 vel
543 3584 779 3660 apprehensionis,
794 3601 858 3658 gra-
912 3585 1042 3660 gientem,
1059 3599 1143 3657 qnam
1165 3582 1304 3655 sequimur
1317 3582 1475 3638 ducentem.
1491 3579 1537 3635 Sic
1559 3577 1632 3634 eninr
1646 3576 1713 3649 legi·

55 3676 107 3732 dns
133 3674 306 3748 distinguunt
327 3675 455 3733 humanis
476 3675 505 3732 in
526 3673 675 3735 mentibus.
691 3672 771 3743 Quod
792 3671 859 3730 nulli
913 3668 1617 3753 tur:Concupividesidmcrell’sul.cxv1u,iti).
1637 3667 1713 3722 Bona

56 3781 154 3822 eornm
175 3763 311 3820 indultum
328 3763 447 3839 legimus
472 3764 524 3820 ista
542 3771 663 3836 usurpat,
679 3763 759 3834 cujus
774 3770 860 3820 tenta
912 3762 1047 3829 voluntas,
1055 3761 1103 3819 sed
1113 3761 1234 3818 nondum
1243 3760 1357 3833 placens
1369 3777 1376 3824 ;
1387 3760 1472 3829 justa,
1484 3756 1661 3814 sednondum
1670 3755 1725 3827 jn,

56 3870 116 3911 urus
128 3853 284 3912 eventilare
298 3868 453 3913 sermones.
467 3852 746 3924 intentisssime
760 3851 860 3908 dimit·
912 3852 1011 3911 cunda.
1025 3855 1058 3910 lo
1076 3852 1224 3908 voluntate
1246 3855 1296 3908 teo
1310 3849 1456 3907 minuisti·
1470 3863 1524 3904 me.
1542 3848 1573 3902 ln
1592 3845 1640 3902 illa
1649 3860 1711 3917 qum

58 3949 127 4000 tam.
144 3942 250 4000 Incerti
269 3958 320 4013 per
338 3942 544 4016 aspirationem,
560 3943 641 4000 tenui
661 3939 797 3997 memoriae
811 3955 859 3996 re·
912 3941 1013 3998 blando
1027 3949 1134 3999 constat
1149 3939 1215 3998 boni
1230 3939 1314 4012 ipsius
1324 3946 1406 4013 gustu
1418 3956 1424 3993 ι
1437 3953 1487 3994 nec
1502 3943 1615 4003 tantum,
1632 3942 1661 3990 ut
1671 3934 1711 3991 sic

57 4033 236 4099 hicaunam
248 4046 307 4088 noo
318 4029 468 4103 dimittam
477 4030 678 4090 continuatione
687 4029 756 4102 jugi.
771 4029 859 4085 leuci
912 4029 1093 4101 dicam‚pigra
1117 4029 1212 4085 nititur
1234 4029 1350 4098 ratione,
1371 4040 1455 4101 quam
1474 4026 1519 4099 pie
1540 4024 1604 4082 boni
1624 4023 1710 4096 ipsius

58 4122 150 4180 ilium.
166 4121 202 4177 Et
218 4127 248 4177 tu
266 4136 329 4177 cum
348 4119 485 4178 inveneris
504 4120 652 4186 Christum,
667 4134 729 4175 cum
743 4117 858 4174 iuvene·
912 4117 1101 4176 oblectatione.
1698 4115 1706 4132 '

57 4210 97 4265 ris
119 4209 296 4283 sapientiam,
318 4226 380 4266 curn
404 4209 542 4267 inveneris
568 4208 711 4280 justitiam,
727 4205 858 4263 sanctita-
948 4209 974 4263 l.
995 4205 1418 4275 Tenuimecdimittamiiicm,
1431 4202 1711 4263 doneciutredrtcem

56 4305 122 4365 tenu
137 4298 360 4372 redemptionem
377 4316 384 4357 :
399 4301 457 4356 haec
475 4298 566 4354 omnia
584 4297 658 4354 enim
677 4296 756 4354 nobis
771 4296 858 4352 factus
874 4297 897 4376 [t
912 4296 996 4352 iilum
1007 4295 1040 4352 in
1048 4295 1161 4354 mum
1171 4295 1277 4353 metris
1286 4311 1365 4361 mete,
1377 4298 1406 4350 et
1415 4293 1447 4349 im
1454 4291 1619 4350 cathetum
1627 4292 1710 4364 pemi-

55 4399 97 4445 est
112 4388 243 4445 Christus
256 4390 282 4460 (l
298 4389 357 4446 Cor.
372 4403 393 4456 ι,
410 4389 455 4459 30)
473 4403 479 4442 ;
495 4404 559 4445 cnm
571 4387 624 4442 ista
636 4385 858 4454 inveneris‚tenc

54 4478 167 4546 affectu,
191 4486 254 4534 tene
276 4477 377 4535 studio.
398 4476 478 4547 Quod
505 4475 687 4547 intelligentia
710 4474 858 4541 inveneris,

54 4567 204 4639 diligentia
213 4573 288 4633 tene,
300 4574 327 4625 et
336 4565 434 4637 retine,
445 4574 476 4624 ιιι
485 4565 524 4622 sic
534 4564 634 4633 dicam,
646 4564 794 4621 renitentes
808 4562 860 4620 vir-

55 4664 139 4727 tutes,
158 4663 189 4714 et
204 4656 325 4712 lubricas
342 4655 450 4729 species
466 4654 577 4713 arctiori
596 4652 642 4710 tibi
663 4653 782 4725 astringe
798 4667 858 4705 am-

55 4746 147 4818 plexu,
164 4745 257 4803 donec
270 4745 330 4804 vice
343 4761 425 4805 versa
438 4745 509 4802 nitro
524 4744 573 4800 tibi
586 4743 749 4812 inhaereant,
761 4750 788 4798 et
801 4756 859 4796 am-

54 4835 205 4909 plexentur
218 4845 247 4894 te
264 4835 361 4911 grans,
378 4842 407 4893 et
424 4835 483 4892 sine
503 4833 586 4892 studii
606 4833 644 4892 tui
658 4834 752 4891 labore
772 4840 799 4888 te
816 4839 858 4888 te-

52 4935 150 4995 neant,
167 4942 221 4984 nec
236 4925 328 4982 sinant
342 4925 385 4984 uel
400 4925 510 4998 longius
528 4923 687 4991 abscedere,
704 4922 747 4980 vel
759 4921 859 4978 diutius

52 5019 168 5075 abesse.
180 5017 214 5073 ltt
224 5015 250 5072 si
264 5015 373 5089 quando
388 5014 510 5073 decbries
524 5014 560 5087 ad
574 5012 663 5072 cilicia
676 5013 801 5071 humanae
815 5027 860 5067 ne

50 5106 261 5172 casalensem
284 5114 311 5171 te
336 5105 507 5163 insectentur
532 5112 559 5162 et
578 5110 716 5170 revocent,
734 5110 762 5160 et
785 5102 857 5157 arri-

49 5198 132 5271 piant
159 5196 196 5251 ad
220 5211 262 5261 se,
278 5202 309 5250 ut
332 5195 355 5250 si
379 5209 433 5252 non
461 5194 567 5268 possint
593 5193 703 5251 assidue
730 5190 859 5256 studium,

49 5302 169 5360 semper
183 5286 304 5345 trabeent
322 5283 472 5358 oblinatum
490 5284 630 5342 affectum.
647 5284 716 5341 Nam
730 5280 860 5339 nonnulla

49 5377 120 5433 mihi
134 5376 250 5433 videtur
267 5375 417 5441 distinctio,
434 5392 469 5434 an
490 5385 520 5433 ιιι
540 5382 634 5433 leneas
654 5372 790 5432 Christum
809 5368 860 5428 Dei

50 5466 187 5521 sulutem
207 5473 238 5521 et
255 5462 430 5537 sapientiam,
442 5481 477 5521 an
496 5462 616 5522 tenearis
635 5464 669 5518 ab
688 5462 758 5534 ipso,
774 5462 860 5532 Ama,

914 4386 996 4443 tricis
1014 4402 1093 4442 mete.
1109 4385 1193 4442 hlullo
1212 4384 1317 4458 planior
1335 4383 1474 4442 videretur
1500 4396 1596 4439 sensus
1621 4381 1645 4436 si
1672 4381 1710 4436 ita

913 4475 1026 4532 dixisset
1041 4492 1047 4531 :
1062 4476 1124 4531 Non
1147 4475 1281 4531 dimittam
1305 4474 1381 4530 illum
1395 4491 1458 4531 cum
1481 4472 1657 4528 introduxero
1680 4470 1709 4525 in

913 4565 1023 4622 domum
1038 4564 1133 4620 matris
1147 4580 1224 4629 mese,
1241 4564 1314 4619 illius
1333 4562 1437 4620 scilicet
1452 4577 1512 4634 quae
1531 4575 1639 4615 sursum
1668 4565 1710 4614 est

913 4653 1060 4710 Jerusalem
1073 4650 1201 4718 coelestis,
1214 4667 1274 4723 quae
1289 4660 1330 4707 est
1343 4658 1431 4706 mater
1450 4650 1570 4707 omnium
1585 4654 1709 4706 nostrum

913 4743 984 4798 Nam
998 4749 1061 4798 ante
1080 4741 1144 4798 illud
1159 4749 1266 4815 tempus
1290 4741 1381 4799 omnia
1399 4740 1448 4799 hic
1470 4739 1574 4798 incerta
1588 4746 1661 4810 sunt,
1682 4746 1710 4795 et

912 4833 985 4889 inter
998 4848 1075 4904 spem
1089 4840 1117 4890 et
1130 4840 1232 4888 metum
1251 4831 1394 4900 fluctuant,
1411 4839 1438 4888 et
1450 4831 1569 4904 pendulo
1587 4830 1711 4886 nituntur

912 4921 1009 4999 gradu.
1025 4924 1061 4979 Et
1074 4939 1136 4996 quae
1159 4922 1211 4979 erit
1224 4923 1359 4980 certitudo
1375 4922 1519 4995 degentia,
1534 4922 1598 4977 dum
1626 4925 1710 4973 muta·

912 5013 976 5069 bilis
990 5021 1032 5070 est
1046 5014 1165 5069 naturai
1179 5013 1304 5086 Denique
1319 5021 1346 5069 ot
1361 5011 1405 5069 ille
1424 5011 1479 5069 ait:
1509 5014 1564 5083 spo
1584 5008 1648 5064 dixi
1676 5007 1709 5062 in

914 5098 1710 5172 obtrudantiameo,liom30moveboriooeternummluer·

914 5193 978 5250 tisti
991 5194 1095 5266 sociem
1110 5197 1190 5251 tuom
1204 5210 1284 5260 uma,
1295 5199 1324 5251 et
1338 5197 1435 5266 suctus
1448 5209 1510 5249 sum
1524 5187 1710 5245 contrariatur

914 5282 1001 5353 (Psoi.
1018 5298 1099 5349 xxix,
1111 5287 1138 5349 7,
1151 5285 1189 5356 8).
1207 5286 1248 5339 hu
1264 5299 1318 5340 nou
1332 5282 1380 5340 tibi
1391 5280 1488 5338 similia
1503 5277 1604 5335 dixisse
1618 5279 1712 5336 viden-

915 5381 959 5429 tur
973 5373 1114 5430 Psalmista
1128 5380 1155 5430 ot
1170 5375 1300 5446 Sponsa?
1315 5369 1384 5442 Quid
1399 5369 1472 5428 euim
1492 5368 1567 5428 alind
1581 5377 1633 5438 est,
1649 5371 1710 5428 Noc

914 5463 1040 5523 movebor·
1055 5464 1086 5519 io
1100 5467 1251 5531 ueternum,
1266 5479 1348 5538 quam
1364 5461 1437 5536 quod
1456 5461 1501 5520 hic
1515 5461 1635 5535 ponitur,
1651 5462 1711 5519 Non
1802 5485 1807 5490 ·
