3706 5962
54 108 111 173 ³0?

490 108 595 170 uttsr.
616 112 661 172 ll}
680 109 827 171 FRATRES
847 105 890 166 llll
908 107 1019 171 doure
1037 111 1102 173 DEI.
1120 143 1157 158 -
1173 114 1236 174 tttt.
1256 113 1303 176 111.

53 233 207 306 arausinas
229 248 281 306 par
303 231 362 290 fieri
381 233 451 290 velle
475 236 586 306 poterit,
602 237 625 292 si
649 237 752 292 meritis
771 236 857 306 impar
872 248 897 326 Α
912 245 939 290 et
967 238 1076 305 Christi,
1101 240 1175 298 cives
1196 239 1291 313 patriae
1315 240 1434 297 caelestis
1460 242 1619 307 constituet,
1643 243 1714 299 sicut

52 322 201 391 exstiterit,
217 320 345 395 quoniam
362 322 471 394 quidem
496 323 565 381 illius
589 325 770 397 pulcherrima
791 339 855 380 cor-

53 414 128 485 poris
150 411 313 484 compositio
336 413 390 481 jam
414 413 555 469 videretur
577 414 685 483 violari3
703 414 774 487 quod
797 430 857 469 cum

53 518 147 559 amore
162 501 223 574 ipso
238 510 266 557 et
284 499 483 572 pulchritudine
507 504 631 574 ejusdem
655 501 858 576 compositionis

55 591 125 647 nulla
149 592 257 648 ratione
272 590 427 647 consentire
452 593 561 661 poterit.
579 594 645 647 Nam
670 594 738 650 sicut
754 593 780 647 in
805 593 857 647 hu·

55 695 134 736 mano
149 696 280 752 corpore,
291 696 342 736 nec
356 695 451 735 manus
470 679 592 755 frangitur
605 681 693 738 officio
707 681 795 753 pedis,
808 695 860 734 uec

54 769 148 825 ouxlns
164 769 233 840 petit
257 783 318 823 esse
340 783 432 838 nasus,
447 784 499 824 nec
521 770 630 824 auditus
653 773 792 833 odoratus,
810 783 860 822 uec

52 858 216 915 auricularis
231 856 332 929 digitus
354 856 460 912 medius
478 859 537 914 vult
559 875 619 915 esse
634 860 677 915 ael
695 859 785 931 pollex
799 878 805 915 ;
821 856 861 912 sic

53 948 80 1002 in
102 948 154 1003 illa
174 945 294 1018 gloriosa
322 945 520 1017 compositione
551 945 665 1003 civitatis
696 946 755 1015 Dei,
780 958 861 1000 nemo

53 1052 132 1092 sunm
149 1043 253 1090 statum
267 1033 353 1106 gradu
368 1034 466 1105 potiori
485 1034 559 1091 volet
573 1043 689 1091 mutare.
705 1036 734 1091 lu
757 1040 862 1090 tantum

52 1125 167 1196 quidem
193 1124 267 1195 quod
291 1138 369 1178 suum
395 1130 437 1178 est
459 1123 574 1196 quisque
598 1124 709 1193 amabit,
729 1123 791 1195 quia
810 1123 861 1178 sibi

52 1213 197 1269 sufficiens
213 1211 274 1269 erit.
286 1211 313 1265 ιι
327 1211 402 1266 enlm
415 1211 439 1266 is
452 1211 498 1284 qui
517 1212 544 1267 in
568 1213 736 1268 beatitudine
751 1211 795 1266 illa
810 1211 862 1266 erit

52 1303 169 1366 locatus,
187 1302 275 1371 majus
297 1300 399 1372 aliquid
425 1301 527 1356 habere
551 1311 673 1373 cuperet,
690 1318 769 1372 quam
794 1302 859 1356 ade·

54 1405 117 1464 ptus
142 1398 228 1460 esset,
252 1405 285 1445 eo
308 1390 369 1461 ipsu
392 1391 473 1446 miser
497 1390 637 1457 existeret,
654 1391 717 1461 quia
742 1390 860 1445 noudum

52 1484 171 1537 haberet
195 1479 268 1553 quod
302 1480 482 1536 desideraret.
506 1480 575 1535 Nam
603 1485 735 1552 quantum
764 1479 861 1551 cuique

912 325 1040 397 scriptum
1061 337 1121 383 est:
1139 331 1193 400 eqo
1207 330 1280 394 dixi,
1307 331 1351 386 uit
1376 332 1450 398 estis,
1475 337 1502 386 et
1525 333 1581 401 filii
1602 332 1713 388 Excelst'

912 430 1008 472 omnes
1018 418 1104 488 (Psoi.
1118 433 1216 483 txxxx,
1229 421 1267 489 ti).
1284 418 1390 474 Nullum
1406 421 1538 489 justorum
1559 421 1592 474 ab
1607 421 1658 476 ista
1672 421 1712 476 di-

913 503 1022 560 vinitate
1038 506 1145 576 excepit
1167 506 1301 579 benignus
1325 507 1408 562 Deus.
1426 508 1478 563 Sed
1502 515 1638 564 tentemus
1662 508 1712 563 sub

912 594 1038 666 exemplo
1056 595 1156 651 intueri
1180 595 1298 667 qualiter
1323 596 1407 667 possit
1431 598 1523 667 homo,
1543 597 1713 653 divinitatem

914 679 1111 750 participando,
1127 680 1254 747 deificari.
1271 680 1309 735 Sit
1328 680 1420 753 itaque
1435 698 1505 736 nnus
1520 681 1600 753 ignis,
1616 681 1644 736 in
1658 697 1713 754 quo

913 766 1014 822 diversi
1037 768 1147 842 generis
1170 769 1289 824 muteriae
1313 777 1467 841 ponantur:
1483 786 1582 825 omnes
1605 770 1714 842 quidem

913 856 1062 928 igniuntur,
1089 856 1138 912 sed
1166 856 1218 912 alia
1242 857 1311 928 plus,
1338 857 1515 928 etiamtunc,
1541 874 1712 931 unaquaeque

913 955 1004 1001 tamen
1020 957 1126 1003 servata
1141 947 1182 1001 sui
1205 959 1310 1014 natura,
1325 950 1402 1019 Juxta
1425 949 1534 1005 modum
1559 948 1712 1017 locutionis,

915 1034 977 1106 quia
991 1035 1076 1108 ignita
1090 1043 1143 1101 est,
1159 1036 1231 1107 iguis
1245 1036 1362 1092 dicitur:
1377 1038 1415 1093 sic
1430 1038 1535 1111 utique,
1551 1037 1601 1094 sed
1621 1045 1713 1094 umen

915 1137 964 1178 suo
976 1123 1092 1194 quodam
1109 1124 1196 1180 altiori
1216 1125 1308 1190 modo,
1324 1142 1420 1183 omnes
1436 1127 1508 1182 beati
1523 1126 1713 1199 participando

915 1211 1054 1281 deitatem,
1068 1213 1148 1268 etiam
1170 1213 1345 1285 deificantur,
1363 1216 1420 1288 qui,
1432 1216 1494 1272 licet
1518 1214 1561 1271 alii
1586 1216 1653 1287 plus,
1669 1213 1716 1270 alii

915 1301 1014 1367 minus,
1029 1316 1123 1357 omnes
1147 1308 1237 1358 tamen
1252 1305 1297 1373 qui
1313 1304 1429 1361 deificati
1449 1312 1522 1372 sunt,
1538 1306 1636 1376 aequali
1660 1321 1713 1361 no·

916 1390 988 1445 mine
1002 1390 1125 1446 dicentur
1140 1391 1187 1448 dii.
1202 1391 1315 1459 Qualem
1338 1393 1420 1466 igitur
1444 1395 1575 1450 honorem
1590 1396 1624 1449 ab
1639 1393 1715 1449 omni

915 1488 1039 1535 creatura
1061 1480 1105 1535 ille
1129 1480 1248 1549 habebit,
1276 1499 1356 1554 quem
1376 1484 1447 1539 Deus
1469 1485 1558 1540 omnis
1582 1493 1714 1540 creaturae

53 1571 134 1626 deest
158 1568 233 1641 quod
256 1570 371 1624 honeste
396 1568 578 1636 desideratur,
600 1569 627 1623 iu
653 1575 755 1623 tantum
779 1568 862 1622 miser
877 1560 901 1638 Β
915 1568 1030 1624 amicum
1045 1570 1179 1639 censebit,
1196 1571 1307 1626 tratrem
1321 1572 1477 1642 appellabit,
1494 1588 1543 1645 pro
1564 1572 1618 1629 tilio
1633 1582 1718 1641 tene·¹

53 1675 115 1715 esse
131 1660 241 1714 ratione
256 1658 439 1729 reprobatur:
456 1657 565 1714 miseria
580 1657 681 1730 quippe
696 1666 738 1713 est
758 1659 859 1713 absen-

55 1750 92 1802 ιιι
114 1740 236 1819 alicujus
259 1745 394 1801 comruodi
416 1755 511 1801 contra
534 1745 712 1803 uoluntatem.
737 1745 791 1801 Sed
824 1745 860 1801 ibi

55 1836 131 1892 nulla
149 1845 193 1891 est
206 1834 325 1900 miseria,
340 1834 395 1889 imo
414 1833 553 1891 sufficiens
575 1835 731 1899 concordia,
748 1842 777 1888 ut
791 1850 859 1890 con-

55 1941 118 1981 cors
136 1922 312 1982 sufficieutia.
330 1923 422 1990 Quare
444 1924 617 1996 omnipotens
639 1932 693 1980 tuae
716 1923 862 1980 voluntatis

57 2015 121 2083 exis,
137 2029 202 2069 cum
216 2011 438 2082 Omnipoteutem
454 2012 500 2066 tibi
519 2015 682 2069 concordem
708 2013 861 2085 peremnia

58 2102 197 2159 habueris.

93 2188 181 2249 282
193 2196 238 2248 ter
250 2194 292 2246 te.
301 2191 424 2246 Potestas
433 2197 461 2246 et
474 2190 560 2246 beatis
577 2198 650 2248 tanta
664 2192 725 2260 erit,
733 2201 863 2265 quantam

57 2281 118 2353 quis
127 2296 226 2336 eorum
239 2280 340 2335 habere
352 2279 551 2334 volueritznam
565 2278 755 2351 quodcumque
765 2279 863 2351 aliquis

57 2383 155 2422 eorum
168 2366 227 2422 sive
241 2364 269 2420 in
285 2364 365 2432 coelo,
377 2365 435 2422 sive
451 2365 478 2420 in
494 2374 580 2430 terra,
592 2367 634 2424 vel
652 2366 679 2422 in
695 2368 762 2422 mari
777 2366 820 2422 vel
834 2367 863 2421 iu

59 2456 195 2528 pmtundo
210 2454 310 2510 inferni
324 2455 508 2525 imperaverit,
525 2457 628 2529 absque
651 2457 705 2511 ulla
723 2456 861 2512 contradi-

58 2546 148 2601 ctione
171 2553 201 2601 et
223 2559 300 2600 mora
324 2544 380 2600 tiet.
406 2545 502 2600 Nirum
522 2546 638 2600 tortasse
659 2546 766 2602 videtur
789 2544 864 2617 quod

60 2635 190 2700 dicimus3
204 2634 255 2690 sed
269 2633 293 2688 si
312 2633 383 2689 bene
408 2633 597 2690 consideretur
616 2634 662 2691 ubi
686 2644 748 2690 tunc
772 2635 862 2703 locati,

62 2725 103 2786 rel
116 2726 198 2795 enjus
210 2723 308 2794 capitis
320 2723 444 2778 membra
459 2732 523 2779 tunc
539 2725 651 2793 erimus,
662 2733 690 2781 et
708 2725 773 2798 quia
783 2724 864 2780 etiarn

64 2813 127 2868 nihil
152 2813 243 2869 deerit
266 2813 308 2867 his
323 2811 368 2884 qui
382 2813 497 2884 diligunt
521 2815 617 2881 Deum,
635 2830 804 2887 nequaquam
821 2815 863 2867 iu-

65 2901 195 2959 credibile
209 2901 262 2957 erit
275 2902 347 2972 quod
363 2901 518 2956 asserimus.
536 2903 610 2960 Hauc
631 2911 795 2975 potestatem
815 2904 865 2957 ha-

66 2989 165 3045 bebunt
180 2989 267 3043 sancti
281 2988 332 3044 Dei
348 2989 394 3060 qui
418 2989 551 3045 veraciter
574 2991 664 3045 omnia
690 2989 868 3061 possidebunt

68 3095 124 3134 cum
146 3076 214 3133 Filio
229 3077 289 3132 Dei.
307 3078 392 3132 Erunt
409 3079 500 3151 itaque
516 3080 718 3151 omnipotentes
737 3097 793 3135 suae
816 3094 866 3137 vo·

70 3167 182 3224 luntatis.
200 3167 325 3224 Potestas
337 3183 402 3223 vero
416 3169 475 3224 lraec
496 3169 547 3224 erit
567 3178 689 3242 potestas
712 3178 824 3234 aeterna,
841 3175 868 3224 et

71 3258 165 3314 ideirco
190 3257 234 3312 bis
258 3258 304 3329 qni
329 3273 388 3313 earn
413 3259 558 3315 habuerint
581 3260 633 3314 erit
657 3261 794 3317 beatitudo
814 3275 869 3316 non

73 3362 157 3416 parra.
171 3346 268 3404 Honor
279 3362 389 3419 quoque
400 3348 451 3403 illis
462 3349 550 3404 beatis
560 3366 674 3421 magnus
687 3351 749 3418 erit,
760 3349 871 3423 quinni-

74 3437 115 3493 nis
127 3438 256 3494 honorati
265 3445 328 3491 sunt
341 3437 418 3492 amici
431 3437 557 3504 tui,Deus
567 3441 799 3509 (Ptolemaida,
813 3441 868 3509 tt).

103 3531 144 3585 ts.
168 3527 261 3583 llonor
284 3526 333 3582 iste
358 3535 412 3582 tam
437 3545 552 3601 magnus
575 3530 636 3599 erit,
652 3540 681 3585 ιιι
705 3531 739 3584 ab
754 3531 871 3585 humano

75 3616 178 3691 ingenio
191 3615 389 3689 comprehendi
414 3633 468 3673 uon
487 3619 580 3690 pessit.
597 3620 716 3676 Ponatur
730 3629 819 3674 tamen
844 3618 872 3673 id

76 3707 192 3779 exempli,
205 3713 236 3760 ut
249 3720 346 3760 sertus
360 3704 456 3777 aliquis
465 3708 615 3763 honeretur
629 3725 645 3763 a
659 3709 779 3765 domiuo.
792 3711 872 3764 Certe

76 3796 94 3849 si
105 3797 254 3869 imperator
268 3803 315 3851 aut
331 3810 376 3850 rex
392 3795 490 3869 aliquis
504 3814 613 3853 servum
638 3798 757 3854 suumin
772 3812 872 3872 inaguo

77 3883 201 3957 languore
217 3883 366 3951 ixtveniret,
378 3901 460 3954 quant
475 3897 502 3941 et
511 3887 546 3940 ab
558 3886 744 3942 invaletudine
755 3886 874 3958 eriperet

77 3981 100 4026 et
111 3973 271 4036 honoraret,
285 3971 323 4026 ita
346 3978 375 4026 ut
397 3989 413 4026 a
436 3975 567 4031 servitute
583 3975 720 4042 liberaret,
737 3983 765 4030 et
778 3974 806 4029 iu
826 3989 873 4030 or·

915 1657 977 1715 hit?
993 1671 1080 1711 omnis
1106 1659 1178 1712 enim
1200 1669 1324 1714 creatura
1345 1659 1473 1714 inclinata
1486 1662 1548 1728 erit,
1565 1662 1637 1731 quod
1653 1677 1712 1717 ma-

914 1762 984 1818 gnus
998 1755 1026 1801 et
1041 1745 1260 1817 incomparabilis
1275 1747 1362 1803 honor
1374 1748 1435 1805 erit.

951 1837 995 1890 l‘l.
1011 1834 1081 1890 Satis
1095 1852 1194 1907 magna
1218 1844 1246 1891 et
1267 1835 1386 1910 gloriosa
1402 1844 1465 1892 suut
1487 1839 1545 1894 brec
1558 1838 1630 1894 dona
1645 1837 1712 1905 Dei;

914 1925 963 1981 sed
977 1925 999 1980 si
1013 1941 1190 1995 perannum,
1205 1926 1335 1981 velcerte
1351 1933 1407 1981 toto
1427 1935 1550 1998 tompore
1572 1927 1712 1995 durarent,

915 2025 1004 2086 putas,
1021 2015 1179 2089 gauderes?
1195 2031 1229 2069 au
1245 2015 1362 2087 pretium
1378 2016 1480 2071 dares?
1494 2016 1663 2086 Gaudenter,
1674 2017 1713 2071 in·

916 2103 986 2174 quis.
1002 2102 1116 2174 Oportet
1130 2102 1211 2175 igitur·
1230 2111 1259 2157 ut
1273 2104 1446 2159 securitatem
1472 2106 1600 2170 habeant,
1617 2110 1715 2176 quate·

916 2209 967 2247 uus
980 2192 1007 2246 id
1022 2192 1094 2263 quod
1109 2192 1208 2246 habeut
1220 2205 1329 2262 semper
1344 2208 1454 2248 servare
1470 2193 1596 2250 valeant:
1613 2190 1737 2249 securi-⁸

916 2288 957 2334 tas
975 2296 1040 2351 ergo
1055 2278 1193 2334 sufficiens
1216 2279 1278 2346 erit,
1292 2279 1419 2352 quoniam
1442 2296 1531 2352 neque
1552 2281 1648 2346 luctus,
1666 2297 1716 2336 ne·

916 2384 969 2439 quc
984 2368 1063 2423 dolor
1084 2367 1198 2438 amplius
1214 2366 1283 2421 ullus
1302 2367 1362 2422 erit.
1377 2368 1522 2439 Nunquam
1544 2377 1641 2438 potero
1656 2385 1719 2440 per·

917 2459 982 2513 dere
1007 2465 1060 2511 tam
1083 2455 1272 2510 artxuirabilem
1296 2454 1501 2525 beatitudinem,
1522 2457 1573 2511 nisi
1594 2462 1716 2527 voluero,

917 2556 962 2600 aut
978 2545 1028 2598 nisi
1044 2545 1116 2599 Deus
1136 2544 1200 2597 mihi
1214 2559 1273 2598 earu
1293 2543 1399 2599 auferre
1421 2545 1546 2613 voluerit,
1562 2556 1608 2601 aut
1631 2545 1720 2617 quivis

918 2634 1013 2690 tortior
1027 2632 1084 2703 illu,
1099 2633 1147 2703 qui
1168 2649 1228 2688 eant
1248 2631 1362 2703 aulerat,
1379 2649 1491 2703 reguum
1515 2635 1576 2703 ejus
1598 2633 1718 2690 invadat.

917 2723 971 2777 Sed
993 2739 1052 2777 suni
1076 2737 1197 2786 securus,
1221 2722 1284 2792 quia
1305 2720 1328 2775 si
1347 2736 1406 2776 eam
1421 2723 1538 2792 adeptus
1553 2721 1639 2791 suero,
1654 2738 1720 2794 per·

919 2813 985 2866 dere
1001 2810 1082 2865 uolo:
1099 2826 1211 2864 securus
1222 2826 1330 2882 (quoque
1345 2826 1416 2878 sum,
1428 2825 1461 2865 eo
1477 2811 1548 2883 quod
1564 2812 1635 2866 lleus
1650 2809 1722 2881 apud

920 2917 1000 2972 quem
1016 2917 1070 2955 nou
1086 2908 1127 2955 cst
1144 2899 1339 2964 transmutatio,
1355 2916 1404 2954 nec
1420 2899 1612 2956 vicissitudinis
1626 2901 1722 2956 obum-

922 2991 1018 3056 bratio,
1035 3005 1093 3045 eam
1110 3003 1164 3042 nou
1179 2987 1285 3044 auferet
1304 2988 1378 3056 mihi,
1395 2997 1540 3062 postquam
1564 2989 1650 3047 semel
1674 2988 1724 3044 de·

921 3079 1009 3135 derit:
1027 3092 1138 3132 securus
1153 3092 1263 3147 quoque
1278 3091 1337 3130 sum
1352 3084 1380 3130 et
1393 3091 1441 3131 ero
1456 3079 1527 3148 quod
1553 3078 1641 3132 nullus
1666 3076 1723 3133 lor·

923 3169 975 3223 tior
999 3166 1044 3221 illo
1068 3164 1245 3233 supervenire
1270 3164 1380 3235 poterit.
1396 3164 1497 3234 Quare,
1521 3173 1662 3238 postquam
1686 3166 1725 3221 ita

923 3265 974 3322 est,
1008 3254 1042 3309 ibi
1066 3247 1127 3309 esse
1149 3251 1297 3324 plenariam
1318 3251 1492 3308 securitatem
1521 3253 1631 3308 dubium
1669 3267 1724 3309 nott

924 3355 976 3401 est.

962 3438 1004 3489 ¹8.
1020 3433 1077 3487 Erit
1090 3432 1172 3502 igitur
1184 3428 1312 3502 modium
1327 3428 1400 3500 qnod
1425 3428 1518 3483 ultimo
1537 3429 1622 3500 grado
1646 3445 1726 3487 acce-

925 3525 980 3595 dat,
1005 3521 1117 3591 probis
1141 3517 1268 3573 omnibus
1294 3516 1493 3584 inaestimabile,
1517 3519 1589 3589 quod
1617 3517 1726 3591 penitus

925 3612 1052 3669 sensibus
1072 3609 1192 3666 omnium
1207 3607 1403 3679 supereminet.
1416 3606 1484 3676 Quis
1507 3609 1580 3663 enim
1604 3608 1726 3682 cogitare

926 3709 1016 3777 potest
1043 3698 1172 3773 gaudium
1203 3696 1274 3769 quod
1297 3696 1332 3751 de
1364 3695 1512 3767 semetipso
1541 3695 1726 3768 unusquisque

927 3789 1047 3858 habebit,
1073 3785 1181 3859 quaudo
1206 3793 1305 3840 tantam
1332 3783 1569 3853 pulchritudmem,
1595 3784 1726 3840 velocita-

928 3888 993 3949 tem,
1006 3874 1201 3941 tortitudinem,
1212 3873 1377 3941 libertatem,
1389 3870 1725 3943 sanitatemvoluptntem,

928 3966 1141 4033 diuturnitatem,
1172 3961 1343 4033 sapientiam,
1377 3960 1532 4026 amicitiam,
1555 3961 1728 4018 concordiam

77 4064 131 4119 dine
146 4077 261 4118 suorum
276 4060 391 4116 militum
413 4073 544 4132 poneret;
561 4063 674 4120 multum
698 4063 742 4119 ille
766 4063 875 4119 debitor
929 4063 1103 4130 potestatem,
1125 4054 1269 4114 honorem,
1288 4048 1463 4105 securitatem
1486 4049 1620 4105 habebit?
1634 4049 1728 4105 Nullus

77 4151 173 4208 domini
187 4150 231 4206 sni
245 4156 274 4206 et
288 4151 390 4204 amicus
406 4149 494 4207 iteret.
510 4151 588 4222 Quod
603 4153 627 4207 si
646 4169 707 4208 eum
730 4154 801 4209 iuter
819 4151 874 4223 pri·
930 4163 996 4203 saue
1020 4145 1071 4199 hoc
1094 4142 1221 4216 gaudium
1245 4139 1339 4194 dicere
1363 4144 1453 4209 potest
1472 4145 1601 4208 quantum
1621 4145 1664 4193 est
1686 4138 1729 4195 uel

77 4249 157 4297 metes
172 4255 238 4294 snos
250 4246 376 4311 poneret,
394 4240 468 4310 regia
483 4240 615 4312 dignitate
631 4241 772 4312 exaltaret,
788 4256 874 4312 quan·
930 4237 992 4305 erit,
1009 4233 1071 4306 quia
1086 4245 1166 4286 nemo
1186 4228 1212 4282 iu
1228 4225 1357 4298 praeseuti
1372 4225 1425 4281 vita
1444 4225 1507 4280 illud
1532 4234 1661 4295 expertus
1675 4233 1728 4283 est.

77 4339 106 4396 to,
134 4337 228 4400 putas,
250 4327 350 4402 gaudio
379 4330 550 4385 exsultaret?
574 4347 628 4403 qno
658 4347 750 4386 amore
775 4329 877 4384 domiui
933 4327 1031 4381 Verum
1046 4322 1068 4376 si
1085 4317 1163 4375 alicui
1182 4315 1269 4371 amico
1284 4322 1340 4381 tuo,
1357 4323 1385 4369 tu
1409 4314 1532 4385 quisquis
1546 4329 1576 4368 es
1595 4315 1640 4384 qui
1664 4315 1730 4370 illuc

78 4421 112 4474 ιιι
128 4428 204 4474 recte
220 4416 263 4472 ille
287 4418 439 4491 tlagraret?
456 4419 562 4474 Domini
586 4419 672 4489 gratia
695 4420 729 4473 ab
752 4417 878 4474 omnibus
932 4422 1062 4470 venturus
1077 4425 1117 4470 es,
1133 4407 1205 4461 idem
1220 4403 1348 4475 gandium
1367 4400 1443 4456 daret
1459 4399 1648 4472 Omnipotens,
1664 4399 1731 4473 quid

79 4507 283 4580 impenderetur
296 4506 332 4577 ei,
349 4522 445 4562 omnes
461 4508 595 4564 servirent
611 4508 646 4562 illi
662 4525 695 4562 ne
711 4507 877 4582 indignatio·
932 4503 981 4559 tibi
995 4496 1155 4556 videretur?
1167 4494 1263 4549 Nonne
1280 4489 1389 4546 multum
1401 4489 1560 4565 gauderes?
1576 4489 1612 4544 tlt
1625 4490 1648 4547 si
1661 4488 1732 4547 duo·

80 4611 140 4651 nem
167 4593 283 4661 domini,
308 4595 354 4666 qui
379 4611 440 4651 oum
465 4597 620 4660 honoraret,
645 4596 825 4652 incurrerent.
850 4596 878 4652 Si
934 4594 984 4646 bus
1003 4587 1046 4643 vel
1062 4579 1215 4650 tribus,ch
1236 4587 1311 4636 certe
1337 4579 1468 4652 pluribus,
1485 4585 1512 4634 et
1527 4577 1579 4634 illis
1593 4595 1662 4654 quos
1677 4594 1731 4636 non

80 4690 168 4738 autem
181 4684 265 4738 herus
279 4682 324 4738 ille
346 4683 373 4738 in
398 4692 500 4740 tantum
524 4686 612 4740 adhuc
630 4684 757 4740 eumdem
782 4684 878 4756 dilige·
935 4690 961 4736 te
977 4678 1064 4733 minus
1077 4688 1194 4738 amares,
1210 4671 1275 4744 quid
1288 4670 1418 4727 diceres?
1436 4667 1504 4724 Vere
1520 4685 1648 4746 magnum
1662 4685 1732 4743 gau·

80 4780 129 4843 ret,
146 4770 265 4826 utillum
289 4771 341 4825 sibi
365 4771 391 4825 in
412 4771 495 4827 tilium
520 4773 672 4845 adoptaret,
690 4782 717 4828 et
742 4772 879 4827 haeredem

79 4874 156 4918 suum
178 4867 325 4927 statueret;
338 4861 397 4931 jam
415 4862 509 4933 procul
534 4862 617 4918 dubio
641 4862 712 4917 servi
737 4860 880 4917 exsultatio

79 4954 166 5023 major
179 4950 322 5008 existeret.
339 4950 399 5020 Qua
412 4968 446 5007 ex
462 4969 492 5008 re
507 4952 640 5024 propendi
664 4958 754 5024 potest
768 4950 879 5006 mirabi-

78 5043 129 5099 lem
154 5055 219 5098 esse
242 5040 374 5096 bonorem
398 5040 472 5095 illum
495 5042 540 5115 qui
564 5041 644 5097 datur
665 5042 691 5096 in
706 5051 809 5099 aeterna
827 5041 881 5098 vita

80 5146 128 5202 per
141 5128 230 5200 ipsius
254 5128 314 5184 ritae
337 5137 367 5184 et
387 5130 525 5185 hominum
548 5129 732 5196 Conditorem,
758 5132 804 5203 qui
832 5131 882 5186 sibi

80 5220 233 5276 servientes
247 5232 302 5273 non
319 5217 400 5274 modo
416 5218 443 5273 in
460 5228 562 5275 aeterna
578 5236 643 5292 pace
667 5221 825 5291 perenuiter
839 5219 882 5275 vi·

83 5325 158 5376 rere,
174 5308 219 5366 vel
235 5321 300 5363 suos
314 5307 416 5365 anticos
434 5309 524 5364 vocari
543 5317 572 5364 et
594 5323 655 5364 esse
679 5305 769 5374 saciet,
785 5307 833 5363 sed
857 5315 886 5364 et

88 5397 201 5456 deeset
216 5397 267 5453 uei
282 5396 350 5455 tilios
363 5405 391 5454 et
405 5397 529 5454 haeredes
551 5397 602 5453 Dei
615 5396 772 5453 cohaeredes
794 5403 885 5452 autem

243 5496 370 5561 erxot.
393 5497 563 5563 ctttxtttv

935 4770 1008 4824 dium
1023 4765 1150 4831 haberes,
1165 4771 1193 4819 et
1208 4760 1277 4817 ultra
1295 4776 1376 4831 quam
1398 4759 1451 4815 dici
1476 4758 1561 4830 possit
1572 4760 1731 4815 exsultares.

934 4860 1000 4914 llaec
1014 4858 1104 4928 itaque
1118 4851 1227 4910 donabo
1243 4849 1316 4907 nullo
1341 4849 1420 4906 modo
1436 4847 1534 4919 deerit,
1550 4849 1572 4902 si
1586 4864 1652 4904 vere
1666 4846 1734 4902 ami·

935 4948 975 5005 cis
998 4955 1025 5001 et
1048 4941 1208 5016 parentibus
1231 4938 1331 4995 nostris
1357 4936 1534 5003 charissimis,
1558 4936 1604 5007 qui
1627 4935 1666 4989 ibi
1684 4949 1735 5006 per

937 5031 1149 5093 misericordiam
1164 5028 1213 5085 llei
1232 5027 1344 5092 erimus,
1358 5024 1426 5080 illud
1450 5024 1522 5080 idem
1542 5023 1671 5097 gandium
1684 5022 1735 5081 da·

938 5125 978 5182 bit
990 5124 1132 5186 Dominus,
1147 5125 1280 5190 quatenus
1302 5113 1338 5169 de
1352 5112 1397 5168 illo
1421 5112 1467 5184 qui
1489 5127 1570 5183 supro
1592 5111 1644 5167 erit
1668 5128 1739 5186 gan.

939 5215 1062 5279 deamus,
1084 5217 1111 5266 et
1133 5207 1168 5262 de
1191 5204 1269 5259 nobis
1292 5202 1356 5272 ipsis
1380 5208 1406 5256 et
1430 5200 1464 5255 de
1488 5199 1617 5272 proximis
1636 5201 1739 5259 nostris

940 5304 1116 5362 exsultemus.
1134 5294 1239 5365 Nempe
1253 5290 1381 5364 gaudium
1394 5288 1460 5345 illud
1476 5297 1530 5345 tam
1548 5306 1680 5365 magnum
1698 5298 1740 5351 est

943 5394 1049 5464 eritque
1064 5397 1092 5443 ut
1106 5399 1202 5440 omnes
1220 5381 1308 5453 capiat
1332 5379 1360 5434 in
1381 5395 1430 5435 se:
1454 5378 1581 5435 omnihus
1604 5382 1677 5437 enirn
1691 5396 1741 5438 sn-

1574 5479 1618 5542 12
