3706 5962
173 209 227 272 sss
944 180 1058 244 oonau
1598 210 1602 217 .
1774 179 1829 240 940

173 335 209 396 ad
223 343 303 390 omne
317 337 387 400 opus
409 323 512 380 bonurn
526 316 670 381 terrentes,
693 309 722 367 in
737 309 863 368 oratione
877 305 966 365 subli-
981 319 1006 399 g
1021 321 1119 379 oryme
1132 305 1232 380 disant,
1260 307 1323 380 quia
1351 320 1435 364 roeea
1462 305 1599 379 expliosra
1621 319 1680 362 non
1711 304 1826 378 qumi,

173 439 244 493 mes,
258 429 286 478 et
298 415 414 476 lectione
440 423 517 468 sacra
543 403 666 471 subtiles,
695 399 723 456 in
750 396 967 456 meditationibus
1023 396 1104 453 Siout
1116 395 1219 453 dilexit
1232 411 1276 452 me
1286 398 1384 460 Peter,
1400 399 1429 451 et
1443 410 1490 468 epo
1504 394 1594 454 dilexi
1604 410 1661 453 nos.
1675 392 1825 455 Videamus

172 513 347 587 suspirantes,
376 513 404 562 et
428 501 457 557 in
483 490 753 566 contemplationibus
781 495 921 563 gementes
942 492 970 542 et
1022 488 1160 558 quomodo
1173 501 1236 544 eum
1246 487 1320 544 Deus
1333 486 1411 544 Pater
1425 485 1560 554 dilexerit,
1576 494 1605 542 et
1619 485 1762 559 qaaomodo
1774 502 1824 547 nos

174 605 267 663 lienus
282 594 469 657 :seminantes
488 587 598 660 quidem
613 581 641 638 in
667 578 809 653 laerpmim
828 577 877 635 sed
904 592 970 651 gau·
1023 575 1146 633 dilexerit
1160 576 1229 646 ipse.
1245 574 1290 631 Ait
1304 575 1378 632 enirn
1392 575 1541 646 Apostolus
1558 593 1565 633 :
1583 577 1717 634 Christus
1727 579 1822 649 suetus

174 695 255 750 deant
267 697 295 746 et
307 681 451 744 exsultent,
472 674 535 749 quia
549 673 577 729 in
599 669 706 745 gaudiis
732 674 833 724 metent
849 664 967 722 eternis.
1022 671 1064 723 est
1080 682 1130 740 pro
1153 665 1231 723 uotis
1249 664 1378 723 obediens
1393 664 1533 738 usquead
1550 669 1683 735 mortem,
1697 672 1821 725 mortem

205 783 234 839 'l.
249 777 304 836 Alii
318 780 382 832 sunt
393 767 441 845 qui
455 781 511 824 non
524 762 625 820 iaeiunt
648 760 774 828 truntum,
794 756 842 814 sed
858 753 968 823 frondes
1022 755 1235 812 outemerueis:
1245 754 1445 827 propterquod
1455 755 1820 827 etlieureeottuoititlum,

172 875 273 930 tanturn
289 862 441 938 producunt
458 863 485 913 et
500 852 573 910 lolia.
588 851 621 906 lli
635 856 697 906 sunt
714 847 762 921 qui
776 844 895 918 apeoienr
909 858 969 899 san·
1020 847 1049 900 et
1063 842 1178 900 deuouit
1191 843 1240 899 itti
1250 857 1354 900 uomere
1369 843 1440 916 quod
1454 848 1588 916 estsuper
1597 859 1681 901 omme
1698 861 1822 916 nomeu3

170 955 270 1018 utitatis
283 951 399 1017 habent3
415 942 464 1002 sed
477 943 593 999 lruotum
607 935 756 994 sanctitatis
777 948 831 991 non
856 931 966 987 habent.
1021 932 1098 989 utin
1112 932 1229 990 nomine
1238 934 1303 991 teau
1313 949 1395 991 omne
1408 946 1482 1005 gerru
1493 934 1639 1002 flectetur,
1649 934 1821 1003 aebutium,

169 1045 320 1107 eduorum
334 1028 569 1095 radioemaeeuris
581 1025 671 1100 posita
685 1028 738 1081 ast.
750 1020 851 1095 thuid
866 1028 965 1075 terram
1021 1022 1203 1079 terrestrium
1216 1026 1245 1080 et
1272 1021 1458 1093 infernorum
1473 1020 1611 1094 (Philipp.
1635 1036 1667 1090 rr,
1680 1026 1774 1095 8-to).
1789 1025 1822 1081 lit

173 1131 331 1207 oooupanl‘l
341 1124 517 1186 lixoidantur,
525 1125 552 1176 et
565 1115 593 1172 in
607 1115 698 1189 ignem
706 1107 966 1169 mittantur.lniruo·
1020 1112 1153 1184 prophete
1167 1112 1279 1182 loquens
1293 1111 1327 1167 de
1340 1126 1373 1167 eo
1387 1109 1421 1166 ad
1434 1110 1552 1179 Patrem,
1567 1113 1623 1170 ait:
1638 1112 1743 1170 Omnia
1755 1113 1822 1171 sub-

171 1223 262 1281 tuosis
271 1215 412 1276 arboribus
422 1210 489 1267 duro
498 1214 526 1266 et
533 1200 763 1263 amurasententia
770 1199 859 1255 datur.
870 1198 967 1255 Omuis
1014 1197 1176 1274 jecistiauh
1187 1197 1306 1271 pedihus
1316 1200 1378 1271 eius
1393 1212 1476 1256 :ouer
1485 1201 1513 1255 et
1523 1199 1820 1268 hooeauuioersus,2·„.

171 1312 266 1380 orbor,
276 1302 364 1379 iuquit
375 1298 507 1358 Dominus
524 1289 614 1352 889
626 1291 716 1361 lesus,
732 1305 796 1364 quoe
808 1303 867 1344 mort
891 1287 965 1359 fucit
1019 1304 1104 1362 super
1117 1293 1145 1346 et
1154 1303 1252 1360 peroro
1267 1286 1362 1361 compi
1373 1307 1384 1356 ,·
1396 1289 1524 1346 volueres
1537 1289 1600 1345 oeli
1617 1292 1646 1348 ei
1657 1290 1752 1363 pisces
1764 1309 1821 1350 m.

170 1403 301 1476 fructum
324 1395 439 1458 bouum,
459 1382 617 1451 excidetur,
633 1386 661 1441 et
680 1379 818 1454 inignem
831 1377 966 1433 mittetur
1018 1376 1342 1450 rir‚quipereomlrulout
1355 1376 1474 1435 semitas
1487 1376 1818 1453 moririProl.vrn,t,9),

169 1487 281 1561 (narrt.
298 1498 348 1552 vu,
365 1479 421 1552 lt).
435 1477 560 1534 limeant
574 1487 643 1546 ergo
656 1469 769 1528 arbores
780 1467 966 1539 infructuose,
1019 1465 1089 1523 Ecce
1099 1465 1235 1539 quomodo
1245 1465 1338 1522 dilexit
1346 1465 1423 1521 Deus
1433 1466 1514 1523 Pater
1522 1465 1623 1523 Filium
1633 1483 1641 1524 ε
1651 1478 1682 1524 et
1692 1467 1819 1541 ipsene„

170 1576 330 1652 hypocrite,
345 1569 467 1627 dealbata
481 1562 613 1637 sepulcra,
629 1561 721 1618 tumba
733 1558 839 1631 sculpta
859 1565 886 1614 et
898 1555 968 1613 bene
983 1597 1006 1678 B
1015 1555 1131 1629 iudicat
1144 1570 1322 1628 quemquam,
1339 1555 1387 1613 sed
1396 1553 1541 1628 judicium
1554 1569 1638 1613 eruue
1653 1557 1733 1615 dedit
1745 1559 1817 1615 Ferte

170 1666 264 1742 polita.
284 1659 438 1730 Exstirpent
453 1653 526 1724 quod
539 1651 603 1707 lutet
616 1648 777 1704 intrinsecus
793 1661 799 1702 :
820 1644 967 1704 oonfitean·
1021 1661 1072 1702 ruo
1082 1643 1174 1717 (trau.
1184 1660 1212 1712 r,
1221 1645 1277 1717 22),
1289 1649 1317 1702 et
1327 1644 1403 1701 dedit
1417 1643 1466 1701 itti
1480 1659 1584 1701 nomeu
1595 1644 1668 1720 prtod
1681 1650 1820 1721 estsuper

169 1765 225 1826 tur,
248 1760 276 1809 et
293 1755 430 1806 maenam.
445 1743 550 1799 liutent
567 1737 752 1795 tortitudinem
769 1740 968 1808 auam,mutent
1019 1749 1103 1791 omue
1117 1748 1230 1799 uoroeu,
1241 1737 1275 1790 ut
1289 1732 1322 1790 iu
1335 1734 1450 1792 nomine
1464 1733 1535 1803 ejus,
1546 1732 1817 1806 quoddieiamtesu,

169 1838 362 1902 eonscientiam
385 1847 472 1900 suam,
489 1827 660 1888 oonseientiae
688 1831 784 1881 sanent
806 1821 966 1891 cauterium,
1020 1837 1102 1884 omne
1111 1837 1183 1896 geuu
1192 1824 1336 1892 flectatur,
1346 1821 1514 1888 celestium,
1524 1822 1710 1881 terrestrium
1719 1829 1750 1882 et
1769 1825 1818 1883 ιη.

169 1939 197 1991 et
219 1928 298 1989 invia
316 1923 502 1982 mandatorum
526 1917 577 1973 Dei
596 1914 714 1989 dirigant
728 1929 863 1988 gressum,
879 1920 906 1970 et
922 1912 967 1970 ia·
1019 1915 1177 1984 seruorum,
1190 1910 1219 1966 id
1242 1919 1282 1968 est
1295 1912 1383 1968 omnis
1403 1920 1528 1968 ereatura
1554 1911 1688 1983 ooelestis,
1711 1921 1820 1972 nasum

168 2021 241 2080 eiam
254 2016 384 2082 lruotum3
399 2018 430 2068 ut
443 2007 563 2084 perillus
577 2003 822 2062 Petertlarifioetnr
840 2002 868 2059 in
886 2002 967 2074 Filio,
1019 2001 1130 2076 Angeli,
1140 1999 1819 2076 Arthangeli,Throni‚Dominationes,Prinoipatns

169 2119 198 2168 et
209 2107 333 2166 Christus
347 2103 374 2159 in
388 2102 468 2157 Patre
482 2111 543 2164 suo,
567 2102 594 2152 et
604 2092 658 2165 ipsi
670 2091 850 2151 clarificentur
873 2091 901 2147 in
915 2092 965 2146 l’a·
1018 2100 1044 2149 el
1060 2092 1219 2161 potestates,
1247 2091 1377 2159 Virtutes,
1392 2089 1548 2159 Cherubim,
1571 2098 1600 2147 et
1616 2092 1772 2166 seraphim,
1791 2096 1819 2151 ει

168 2208 218 2266 tre,
233 2206 261 2254 et
278 2193 358 2261 Filio,
374 2196 401 2248 et
414 2186 515 2261 Spiritu
525 2196 628 2241 saneto.
645 2181 719 2239 Felix
734 2181 790 2250 ille,
800 2183 896 2238 beatus
909 2179 964 2250 ille,
1019 2179 1107 2237 omnis
1121 2179 1236 2237 eoelieus
1254 2181 1335 2246 ordo,
1345 2188 1373 2237 et
1387 2178 1475 2237 omnis
1488 2187 1613 2236 ereatura
1627 2181 1776 2239 terrestris.
1786 2183 1818 2241 tu

167 2303 216 2365 per
236 2298 319 2359 quem
332 2283 407 2337 Deus
424 2277 506 2334 Pater
525 2271 698 2339 clarificatur,
714 2286 859 2344 perquem
875 2270 966 2326 Chris·
1017 2285 1073 2327 non
1084 2269 1171 2327 solum
1186 2268 1318 2336 homines,
1334 2268 1384 2324 sed
1397 2269 1510 2326 etbrute
1523 2268 1816 2330 animaliaanditono-

166 2387 228 2434 stus
246 2372 382 2437 laudatur,
412 2372 439 2424 et
459 2363 575 2438 Spiritus
599 2367 710 2418 sanetus
736 2358 915 2433 glorificatur.
941 2359 965 2416 Ο
1018 2358 1198 2416 minaChristi
1222 2357 1444 2426 contremiseunt,
1454 2358 1567 2431 insuper
1580 2364 1610 2414 et
1622 2358 1714 2416 omnis
1728 2360 1814 2418 inier.

105 2459 109 2467 ’
167 2464 249 2525 nimis
263 2462 340 2531 ielix,
365 2457 443 2529 eujus
468 2457 523 2513 uita
548 2461 576 2510 et
601 2465 695 2508 mores
717 2448 813 2506 laudes
841 2449 965 2506 intonant
1018 2447 1089 2505 nulia
1102 2457 1222 2506 ereatura
1236 2449 1325 2505 tremit
1333 2454 1360 2505 et
1368 2448 1552 2506 contremiscit
1564 2448 1599 2503 ad
1614 2448 1684 2507 tenti
1699 2451 1814 2508 nominis

166 2551 303 2615 Creatori!
320 2546 447 2609 Orirum
461 2546 582 2611 beatum,
598 2540 677 2611 ouius
696 2537 787 2596 anima
801 2552 851 2595 suo
873 2537 963 2596 lamu·
1017 2535 1812 2615 inundationemllnguaestigitnrdileetiol’atrisiuliilium,

165 2635 381 2703 laturCreatoril
397 2633 422 2691 0
435 2634 515 2691 beata
521 2631 620 2698 anima,
633 2643 693 2701 qun
721 2642 772 2686 suo
793 2642 845 2701 pro
858 2625 963 2687 viribus
1015 2641 1077 2684 euru
1091 2626 1130 2684 sie
1143 2642 1206 2684 eum
1215 2624 1410 2692 sublimaverit,
1418 2641 1481 2683 eum
1488 2625 1527 2683 sie
1536 2641 1600 2683 eum
1614 2627 1814 2699 exaltaverunt

165 2735 273 2808 placere
285 2724 383 2801 sategit
396 2718 589 2794 Redemptoril
599 2714 745 2774 Benedicta
754 2714 789 2771 sit
801 2714 892 2772 anima
902 2717 960 2787 illa,
1017 2716 1109 2773 omnia
1127 2715 1251 2786 subjiciet
1266 2718 1316 2772 sub
1325 2715 1441 2789 pedibus
1455 2715 1558 2786 sinent
1571 2716 1666 2773 omnia
1680 2727 1814 2792 supponat

166 2820 211 2881 oui
225 2825 268 2878 ast
281 2823 337 2876 tota
351 2811 462 2872 dileetio
475 2808 608 2876 Christus,
623 2803 668 2863 eui
681 2803 720 2861 nil
733 2801 960 2877 satisiaoerepro·
1017 2805 1112 2864 ditioni
1131 2806 1200 2875 ejus.

162 2916 217 2969 ιω
231 2915 331 2983 paean
352 2903 451 2976 ipsun,
474 2898 521 2971 qur
534 2910 585 2969 uro
601 2894 661 2966 eius
683 2906 774 2950 amore
788 2893 896 2951 oureus
909 2884 1002 2964 eme
1053 2899 1080 2952 s.
1097 2894 1366 2968 virmandorum
1376 2894 1454 2952 rana
1463 2893 1556 2952 autern
1565 2895 1701 2954 causum
1717 2914 1725 2955 2
1742 2913 1814 2956 Μ

163 3013 228 3075 quse
243 2997 282 3054 nil
295 3001 394 3067 preter
408 2989 545 3048 Christum
571 2983 686 3057 diligere
706 2980 790 3050 nouit,
805 2982 853 3053 qui
868 2983 960 3040 dilexit
1017 2992 1142 3060 superest
1155 2991 1185 3040 ut
1198 2983 1338 3043 videamus
1348 2983 1484 3056 quomodo
1498 2999 1549 3041 nos
1565 2984 1655 3043 dilexit
1673 2985 1813 3046 chrisum,

164 3103 226 3156 noa,
240 3093 268 3144 et
280 3084 345 3142 lavit
359 3095 409 3138 nos
422 3094 439 3134 a
452 3073 570 3149 poooatis
584 3074 684 3129 nostris
698 3069 726 3126 in
741 3070 873 3144 sanguine
896 3087 959 3141 sno,
1014 3075 1068 3134 Sed
1090 3073 1171 3149 quis,
1185 3073 1304 3146 inquam,
1318 3075 1418 3132 „pepp
1432 3073 1595 3148 explicare?
1609 3073 1676 3144 Qui,
1689 3091 1815 3149 unquam

162 3186 191 3237 et
214 3173 290 3233 dedit
312 3168 486 3241 semetipsum
513 3161 724 3234 redemptionem
743 3174 793 3232 pro
812 3159 901 3231 nobis,
930 3171 961 3218 ut
1012 3163 1130 3222 enodare
1156 3178 1281 3221 sermone
1303 3163 1404 3222 amoris
1440 3163 1643 3237 abundantiam,
1671 3164 1814 3224 obas-iuri,

163 3280 215 3327 nos
228 3281 278 3340 por
290 3244 452 3336 sanguinem
468 3269 545 3312 snum
560 3255 702 3324 adoptaret
715 3250 744 3306 in
756 3248 897 3309 liliosDei.
909 3250 960 3308 Per
1013 3251 1196 3323 eminentiam,
1209 3267 1292 3325 quam
1318 3251 1414 3311 babuit
1442 3252 1566 3311 Christus
1592 3253 1620 3310 in
1643 3253 1740 3327 nobis,
1766 3254 1813 3330 qni

40 3370 49 3385 ⁴
161 3355 253 3416 omnia
262 3352 298 3411 sit
311 3348 473 3408 benedictus
488 3341 622 3408 Christus,
637 3339 683 3412 qui
697 3338 737 3395 siu
758 3337 853 3395 dilexit
871 3354 960 3413 genus
1012 3342 1106 3400 dilexit
1119 3356 1181 3414 nos,
1196 3349 1222 3399 et
1236 3340 1396 3401 laritnosa
1415 3343 1533 3416 pecualis
1556 3341 1659 3400 nostris
1689 3343 1723 3400 in
1749 3359 1814 3402 saa-

157 3425 317 3511 humanum,
342 3439 410 3497 sicut
435 3437 514 3493 Pater
536 3430 630 3488 dilexit
646 3444 718 3488 euru.
738 3429 800 3501 lpse
819 3426 891 3483 euim
915 3427 960 3485 di-
1013 3432 1094 3510 guine
1103 3447 1170 3488 suo:
1187 3431 1235 3506 qui
1247 3441 1360 3490 mortem
1374 3440 1494 3489 nostram
1506 3448 1554 3489 sua
1563 3441 1652 3489 morte
1665 3434 1813 3504 destruxit,

161 3536 220 3594 eit:
241 3534 322 3594 sieut
336 3528 440 3587 ditexit
463 3538 510 3582 me
525 3525 652 3590 Putem
689 3535 736 3594 epo
750 3517 842 3575 ditent·
868 3517 959 3577 oneo
1012 3536 1063 3595 pro
1077 3520 1155 3578 nobis
1169 3518 1273 3594 eligens
1295 3523 1373 3591 mori,
1389 3529 1419 3578 ut
1441 3537 1492 3579 nos
1504 3520 1595 3579 640
1612 3536 1631 3577 s
1645 3529 1738 3582 morte
1750 3522 1816 3581 libe·

160 3619 410 3690 eharaoharitaa,o
434 3610 652 3676 aeteruaaeritas,
704 3608 741 3664 du
753 3607 792 3664 eis
812 3609 957 3678 eternitas,
1013 3619 1086 3668 raret
1099 3617 1211 3679 aeterua,
1226 3617 1252 3668 et
1266 3625 1317 3668 nos
1334 3610 1399 3669 illuc
1412 3613 1569 3680 attraheret,
1583 3611 1632 3669 ubi
1647 3613 1710 3685 ipse
1725 3621 1769 3671 est
1787 3614 1813 3670 iu

160 3713 274 3773 obeata
302 3705 425 3773 reticius,
449 3719 467 3760 o
490 3703 574 3759 decus
596 3701 773 3774 Angelorum,
799 3697 960 3771 esplendor
1011 3700 1099 3774 gloria
1118 3700 1224 3758 Patris?
1247 3701 1292 3757 ait
1315 3700 1397 3768 enirn,
1428 3700 1499 3769 Voto,
1517 3703 1615 3772 Pater,
1635 3705 1671 3758 ut
1695 3701 1748 3761 ubi
1769 3717 1814 3776 epo

159 3795 400 3864 sanomrum,lesn
413 3794 493 3859 bone,
504 3790 570 3847 teau
590 3794 694 3858 saneto,
712 3785 766 3845 rita
780 3785 959 3856 immaculata,
1012 3805 1086 3859 rum,
1101 3788 1164 3848 ittie
1183 3792 1221 3847 sit
1236 3792 1265 3846 et
1280 3788 1413 3849 minister
1425 3807 1504 3848 meus
1524 3790 1576 3862 (ld.
1597 3805 1652 3862 xta,
1668 3790 1732 3866 26).
1747 3792 1816 3850 liora

156 3888 213 3948 rita
229 3895 342 3951 retorna,
354 3885 426 3939 salus
436 3881 603 3949 incorrupta,
627 3881 756 3946 perpetua
770 3873 866 3948 gloria,
891 3883 961 3932 totus
1012 3879 1150 3951 quomodo
1164 3878 1258 3936 dilexit
1276 3894 1338 3936 nos.
1354 3879 1407 3936 Pro
1422 3879 1502 3936 nobis
1514 3877 1595 3953 elegit
1609 3878 1694 3950 mori,
1717 3895 1814 3940 nenos

159 3976 257 4045 duleis,
276 3981 349 4032 totus
371 3966 507 4027 amabilis!
525 3963 661 4037 quomodo
689 3977 740 4019 noa
754 3962 861 4031 musti,
889 3978 960 4034 quo·
1012 3975 1101 4025 morte
1114 3969 1308 4025 damnaremur
1321 3975 1432 4028 eterna
1443 3969 1600 4026 Resurrexit
1614 3985 1629 4026 a
1644 3970 1815 4045 mortuis,ut

160 4066 243 4126 modo
257 4078 309 4123 nos
326 4057 454 4124 dilexisti,
467 4054 515 4129 qni
529 4061 556 4110 te
569 4052 659 4124 ipsum
672 4049 701 4106 in
716 4059 830 4108 mortem
845 4051 957 4113 dedisti!
1013 4073 1069 4115 sure
1084 4072 1135 4116 noa
1149 4057 1353 4118 resurreetiouis
1361 4059 1493 4116 tribueret
1506 4074 1567 4116 ease
1579 4059 1746 4133 participes.
1760 4063 1815 4118 As-

159 4154 244 4216 bmor
266 4161 330 4210 tuus
347 4147 460 4207 nescivit
485 4141 586 4200 babere
613 4139 733 4209 modumt
752 4145 780 4195 θῑ
802 4153 958 4198 mentulam
975 4166 998 4246 n
1013 4148 1104 4206 cendit
1123 4146 1151 4204 in
1165 4148 1276 4218 noelum,
1291 4155 1322 4205 ut
1335 4163 1386 4205 noa
1399 4151 1561 4221 proveheret
1574 4149 1609 4205 ad
1623 4148 1729 4222 palatia
1742 4147 1802 4208 areli

159 4257 218 4319 tna,
232 4259 250 4301 o
263 4239 383 4310 Christe,
397 4235 514 4294 ebaritas
528 4239 621 4290 tenera
630 4243 685 4286 non
703 4227 803 4301 potuit.
815 4227 897 4289 Siout
911 4232 956 4289 ut·
1013 4247 1041 4295 et
1054 4237 1132 4295 sedet
1144 4237 1179 4294 ad
1189 4237 1325 4294 dexteram
1338 4237 1425 4295 Patris
1447 4238 1592 4306 oolloeons,
1619 4251 1771 4310 coronans,
1786 4253 1802 4296 a

129 4362 136 4381 ·
161 4334 235 4395 teuit
249 4349 295 4392 me
308 4331 407 4395 Peter,
420 4322 521 4398 inquis,
529 4325 612 4394 etepo
626 4319 720 4377 dilexi
741 4332 798 4378 uos.
807 4317 915 4376 Utinam
930 4328 956 4378 et
1010 4323 1149 4383 laetitieans
1163 4323 1228 4396 illio,
1244 4341 1314 4398 quos
1334 4323 1446 4398 proprio
1466 4340 1563 4383 cruore
1590 4325 1725 4400 redemit,
1748 4339 1812 4400 qnos

157 4438 210 4496 ago
235 4435 324 4480 essem
337 4431 420 4490 quaem
443 4412 569 4487 diligeret
592 4410 724 4466 Dominus
745 4406 836 4466 meusl
853 4409 955 4467 utimm
1010 4414 1115 4489 glutino
1128 4413 1181 4471 sibi
1198 4414 1335 4472 eharitatis
1348 4414 1467 4471 asseruit
1479 4428 1569 4472 seeum
1584 4411 1613 4470 iu
1628 4414 1734 4472 eadem
1747 4414 1810 4472 dea·

157 4513 296 4571 audissem
311 4524 347 4566 ex
361 4521 409 4563 ore
423 4501 531 4560 Domini
546 4498 610 4567 mei,
625 4499 706 4557 Siout
719 4496 825 4556 ditexit
839 4516 885 4558 me
898 4504 955 4557 Pu·
1009 4510 1068 4561 tera
1081 4503 1177 4560 Patris.
1192 4503 1283 4575 Ipsum
1298 4501 1381 4579 igitur
1394 4502 1530 4559 Christum
1543 4501 1603 4559 sine
1619 4502 1721 4573 modo,
1744 4503 1809 4561 ultrt

160 4607 215 4669 ter,
227 4603 255 4659 ιι
268 4615 318 4672 apo
333 4595 424 4654 ditoni
438 4590 478 4650 tel
490 4589 562 4662 Quid
575 4588 702 4661 mibtjam
711 4589 808 4646 deeset
818 4591 921 4664 posset,
932 4589 956 4646 si
1010 4597 1129 4666 modum,
1146 4593 1250 4667 absque
1262 4593 1416 4660 meta,ultra
1428 4597 1537 4659 metam,
1551 4589 1809 4678 assiduemontinaa,

158 4708 204 4750 uro
217 4689 346 4761 diligeret
359 4685 438 4742 lesus
450 4680 553 4740 meua?
568 4696 654 4751 meus,
669 4678 793 4752 inquam,
809 4687 837 4735 et
854 4680 956 4738 utinam
1012 4695 1068 4746 toto
1082 4685 1174 4755 eorde,
1192 4691 1248 4740 tota
1262 4691 1362 4752 mente,
1380 4680 1568 4752 totisviribus,
1583 4679 1651 4739 totis
1665 4681 1809 4742 virtutibus

157 4777 285 4840 mentio
316 4772 409 4850 lelioes
426 4770 571 4829 diritiaelo
599 4782 666 4840 opes
692 4767 789 4837 btutae.
813 4769 956 4842 possidere
1009 4776 1165 4850 diligamus,
1178 4786 1352 4846 veneremur,
1368 4780 1396 4829 et
1409 4785 1552 4838 amemus3
1568 4776 1600 4826 ut
1615 4771 1651 4827 ad
1667 4770 1809 4847 ipsomet

159 4871 265 4936 Jeaum,
280 4861 421 4939 possidere
430 4857 577 4916 Dominum
589 4854 739 4914 Christum!
1009 4880 1072 4925 eum
1098 4863 1158 4937 ipso
1174 4863 1313 4934 peruenire
1341 4868 1369 4918 et
1388 4877 1502 4937 regnare
1515 4858 1670 4933 velumus,
1689 4861 1740 4936 qni
1752 4875 1806 4919 mn

193 4964 221 5017 ι.
237 4958 327 5023 lllum,
340 4951 379 5010 mi
393 4950 489 5020 leuior,
501 4945 611 5021 posside
620 4959 671 5018 per
689 4958 819 5011 amorem,
835 4947 911 5006 etsie
923 4948 956 5005 il·
1009 4953 1087 5012 Patre
1096 4952 1161 5010 risit
1179 4951 1252 5007 Dens
1272 4958 1299 5007 et
1315 4964 1376 5007 eum
1395 4957 1488 5009 saneto
1501 4948 1633 5022 Flamina,
1650 4948 1807 5009 benedictus

154 5051 214 5112 lum
229 5041 383 5125 possidebis
398 5035 559 5097 eternaliter
570 5049 619 5108 per
628 5032 728 5090 amoris
740 5034 957 5095 retributionem.
1009 5043 1084 5104 omni
1097 5051 1219 5115 tempore
1232 5040 1333 5099 saecuti.
1347 5041 1444 5098 Amen,

154 5138 327 5215 lpsalleritas
340 5133 376 5192 ait
387 5151 394 5190 ι
406 5133 460 5204 Epo
475 5126 641 5201 diligentem
650 5137 696 5182 me
705 5123 791 5198 diligo
800 5144 810 5193 ;
819 5128 904 5200 etpui
913 5125 957 5184 di·
1301 5131 1418 5188 sssltato
1432 5129 1507 5188 xm,

156 5214 872 5298 teuerirmedutpeturuPatremeueteooditinum
881 5235 957 5289 eum,
1172 5223 1205 5280 lu
1219 5238 1288 5286 uma,
1304 5224 1372 5278 9·l3
1386 5237 1448 5295 cop.
1463 5236 1500 5278 rr
1512 5217 1643 5280 luanus.

153 5323 186 5381 et
199 5317 388 5390 manifestabo
401 5311 429 5371 ei
438 5328 483 5371 ma
493 5309 588 5384 iprum
597 5307 690 5382 (loom,
701 5302 956 5379 heautontimor
1047 5312 1074 5369 l.
1089 5311 1131 5369 De
1145 5310 1288 5370 dilectione
1301 5311 1414 5386 Deiquo
1434 5311 1500 5385 plns
1515 5311 1587 5382 bibo,
1602 5310 1668 5384 plns
1683 5311 1805 5371 sitiottt

155 5402 238 5464 inerit
259 5421 345 5474 amor,
375 5418 457 5478 quern
484 5403 556 5460 eirea
588 5412 638 5457 nos
664 5395 787 5455 Christus
813 5395 955 5459 moriendo
1008 5418 1042 5463 ee
1055 5401 1167 5461 saturari
1182 5417 1237 5462 non
1258 5416 1381 5476 possum,
1400 5417 1450 5460 neo
1463 5418 1528 5480 ego,
1551 5418 1602 5462 neu
1616 5403 1721 5480 aliquis
1742 5420 1805 5480 per·

153 5489 285 5562 mnibus.
312 5504 439 5552 enarrma
456 5504 512 5549 non
534 5488 634 5548 sntdeit
653 5484 751 5563 aliquis
776 5487 891 5547 uirens:
910 5487 953 5548 la·
1007 5493 1079 5552 tauta
1092 5490 1210 5566 diligens
1223 5490 1369 5552 Christum.
1385 5491 1449 5567 lpse
1463 5508 1518 5572 qno
1540 5492 1604 5569 plns
1624 5492 1731 5569 edisne
1746 5492 1807 5571 plu
