3706 5962
61 224 130 286 1025

613 216 720 278 sunto
738 215 783 276 DE
803 214 931 278 llutloo
950 216 1156 288 attentastis.

1638 221 1708 283 loto

59 352 105 417 tia,
127 345 320 415 misericordia,
341 345 466 402 charitas.
489 344 578 415 Super
600 343 652 398 hos
667 341 746 397 etiam
762 341 853 414 posuit
867 356 891 435 st
907 348 954 398 aut
976 351 1068 400 contre
1091 341 1324 400 consuetudinem.
1352 342 1400 398 llis
1419 345 1506 401 tribus
1521 345 1609 403 modis
1626 348 1707 421 quid·

59 441 93 496 ed
114 437 317 496 custodiendum
331 435 354 489 si
369 433 553 506 deliquissent,
565 432 610 503 qui
619 441 787 496 accusarent,
804 430 852 503 qui
906 432 969 504 quid
984 432 1097 504 agimus,
1112 433 1225 489 vertitur
1247 431 1275 487 in
1288 441 1437 501 peccatum.
1461 435 1493 489 Et
1517 439 1580 508 quis
1600 437 1707 495 villicus

59 529 285 590 testificarentur3
303 522 350 596 qui
371 523 538 592 judicarent,
560 519 606 590 qui
626 520 760 592 punirent.
778 519 852 574 Con-

58 615 171 673 scientia
185 615 285 686 quippe
302 613 360 681 ipsa
375 624 415 668 est
440 610 598 678 accusatrix,
616 610 745 666 memoria
766 609 851 680 tostis,

59 708 126 760 ratio
139 705 233 773 juder,
252 701 332 755 timor
353 700 481 758 carnifex.
499 698 577 767 Quod
601 700 673 754 enim
687 699 853 755 conscientia

58 803 175 857 accusat,
194 790 324 845 memoria
335 787 513 844 testificatur:
532 788 641 861 atquod
657 787 726 842 ratio
738 787 851 856 judicat,

55 883 137 936 timor
147 879 288 943 excruciat,
304 878 407 944 dicens
424 880 561 936 Dominus
571 877 709 950 regnavit,
722 880 852 933 irascan-

60 976 109 1026 tur
121 967 239 1042 popuii,·
254 968 303 1039 qui
322 965 399 1023 sedet
418 980 504 1038 super
524 964 681 1032 Cherubim,
703 968 853 1021 moueatur

58 1064 135 1117 terra
151 1057 349 1126 (Psal.xcv1u,
366 1056 404 1124 1).
424 1052 511 1110 698
527 1054 598 1124 lenis
613 1054 778 1110 incircuitu
792 1056 853 1125 ejus

57 1145 232 1208 exardescet,
254 1149 283 1200 et
305 1143 485 1200 incircuitu
510 1144 571 1214 ejus
595 1146 745 1214 tempestas
760 1139 854 1199 aalide

58 1235 147 1307 (Psoi.
163 1249 241 1300 xcix,
259 1232 295 1304 3),
313 1233 345 1287 Et
358 1232 448 1303 impiis
463 1231 534 1288 dicet
550 1249 557 1285 ι
573 1231 628 1300 lte,
644 1230 801 1295 maledicti,
821 1231 853 1287 tn

908 519 980 574 bona
994 518 1096 575 domiai
1111 522 1153 575 sui
1168 520 1195 574 in
1213 520 1270 576 haec
1285 520 1470 592 dissipaverit,
1485 522 1585 578 dictum
1601 534 1642 581 est
1656 524 1681 579 ei
1696 544 1703 582 :

910 608 981 678 Quid
991 607 1040 664 ltcc
1055 608 1139 669 aredio
1154 608 1187 665 de
1201 608 1250 667 te?
1263 609 1351 667 aedae
1365 612 1507 667 rationem
1521 613 1706 671 villicationis

908 702 981 764 tuae;
992 700 1056 768 jam
1063 700 1138 755 enirn
1150 699 1276 770 amplius
1285 715 1342 755 non
1356 701 1461 772 poteris
1474 702 1615 759 villicare.
1637 702 1707 758 Illud

908 802 962 842 nou
977 785 1060 842 semel
1073 797 1120 842 aut
1140 787 1246 854 iterum,
1275 791 1321 843 sed
1348 791 1425 845 tertio
1442 791 1499 859 jam
1527 791 1706 847 comminatur

907 875 1040 931 Dominus
1053 876 1145 933 villico
1159 892 1219 943 suo,
1237 877 1363 934 videlicet
1378 887 1440 934 ante
1455 881 1553 952 legent,
1570 881 1620 937 sub
1635 881 1704 953 loge,

907 965 958 1017 sub
973 966 1057 1037 gratia
1072 982 1080 1032 ς
1096 975 1121 1020 et
1135 981 1183 1035 per
1197 974 1252 1021 tres
1268 967 1387 1032 nuntios,
1404 985 1451 1038 per
1465 985 1534 1040 quos
1548 969 1640 1026 omnia
1656 984 1708 1025 sue

908 1054 987 1109 nobis
1006 1054 1120 1110 consilia
1136 1055 1253 1123 dicit,·id
1270 1065 1321 1120 est,
1337 1073 1385 1126 per
1395 1059 1542 1125 hominem,
1559 1075 1606 1128 per
1621 1059 1703 1130 spiri-

908 1149 975 1207 tum,
991 1159 1039 1214 per
1057 1142 1188 1199 familiare
1204 1145 1369 1201 mandatum.
1391 1146 1440 1202 llis
1456 1146 1588 1204 Dominus
1603 1159 1705 1203 secreta

908 1232 1034 1288 snasolet
1061 1231 1210 1308 notificare,
1236 1241 1318 1306 atque
1343 1250 1391 1302 per
1412 1250 1442 1289 os
1467 1235 1527 1292 aliis
1557 1237 1707 1309 quibusque

56 1326 152 1394 ipnem
167 1324 316 1387 eternum,
332 1320 380 1390 qui
389 1321 509 1390 paratus
524 1321 566 1373 est
581 1316 691 1373 diabolo
705 1320 733 1372 et
744 1317 853 1388 angelis
905 1322 998 1390 jubet:
1024 1337 1086 1376 cum
1110 1321 1209 1393 quibus
1227 1323 1266 1378 ire
1289 1323 1358 1379 solet
1373 1323 1463 1386 timor,
1478 1332 1505 1379 et
1521 1326 1601 1382 modo
1614 1324 1707 1397 iungi·

56 1409 238 1482 ejus(ldcttb.
254 1424 322 1473 uxr,
333 1408 389 1478 11),
405 1406 451 1460 ubi
463 1408 532 1477 ignis
543 1415 583 1461 est
594 1406 640 1476 qni
656 1422 710 1461 non
725 1405 852 1476 tepescit;
909 1418 949 1464 tur
966 1409 1031 1474 iltis,
1048 1409 1139 1466 ferens
1153 1411 1204 1466 ista
1222 1410 1275 1465 tria
1289 1426 1350 1484 quae
1374 1428 1483 1482 semper
1503 1414 1603 1472 babere
1624 1416 1704 1486 solet,

55 1515 163 1557 vermes
188 1497 235 1568 qui
255 1513 309 1552 non
332 1495 494 1564 moriuntur,
520 1501 637 1550 tortores
661 1495 707 1566 qui
729 1510 783 1550 non
799 1496 853 1548 las·
907 1499 1011 1555 clavam
1025 1500 1253 1566 comminationis,
1276 1501 1381 1556 radium
1405 1502 1575 1574 cognitionis,
1603 1504 1706 1578 virgam

57 1600 171 1644 sescuut
190 1605 197 1643 :
219 1585 265 1641 ubi
279 1586 369 1641 nullus
389 1586 467 1651 ordo,
484 1586 533 1639 sed
557 1583 738 1654 sempiternus
757 1585 854 1639 horror
907 1588 1028 1661 doloris3
1043 1590 1075 1644 ad
1091 1589 1274 1646 incutiendum
1289 1596 1430 1658 terrorem,
1451 1594 1483 1647 ad
1497 1592 1644 1650 videndum
1665 1609 1708 1650 er·

55 1677 200 1732 inhabitat.
910 1694 1010 1745 rorem,
1030 1678 1065 1733 ad
1080 1679 1230 1735 habendum
1246 1695 1406 1745 moerorem3
1429 1680 1629 1754 incipientium,
1646 1697 1707 1755 pro·

95 1771 122 1823 b.
141 1764 235 1821 Villam
249 1780 323 1819 suam
339 1763 382 1818 his
404 1762 518 1833 aliisque
533 1762 669 1817 tutoribus
684 1759 780 1817 fortem
799 1768 856 1816 tra·
910 1766 1065 1832 ficientium,
1095 1766 1306 1837 perficientium.
1321 1769 1392 1825 Nota
1419 1771 1493 1842 qaod
1520 1772 1546 1826 in
1562 1773 1613 1828 hoc
1635 1771 1706 1830 facto

56 1856 126 1912 didit
141 1854 273 1909 Dominus
288 1852 388 1919 villico,
407 1851 529 1921 pluribus
555 1851 662 1922 plenam
678 1850 775 1922 bonis3
792 1851 855 1922 qui·
909 1856 1082 1928 cognoscitur
1097 1855 1229 1912 mirabitis
1248 1859 1334 1926 pietas
1357 1859 1436 1926 bajus
1458 1860 1577 1926 Domini,
1592 1863 1637 1933 qui
1652 1877 1707 1917 non

58 1945 175 2000 busdam
187 1941 319 2014 corporis,
333 1940 427 1996 multis
447 1938 565 2012 propriis
579 1937 667 2010 ipsius
681 1939 799 1994 hominis
813 1939 856 1994 in·
909 1944 1082 2001 circumvenit
1092 1961 1199 2001 serrum
1216 1961 1309 2012 sunm,
1329 1946 1377 2001 sed
1393 1946 1427 2001 ad
1441 1947 1608 2004 reddendam
1623 1950 1707 2008 mim.

57 2032 179 2089 terioris.
197 2030 305 2101 Septem
329 2029 430 2100 quippe
455 2035 518 2082 sunt
534 2028 593 2082 lraec
617 2029 686 2083 bona
709 2029 853 2098 eorporis:
909 2050 970 2089 nem
987 2035 1061 2105 prius
1084 2035 1230 2089 submonet
1244 2050 1318 2102 enm,
1345 2019 1552 2106 quam'judicet.
1576 2037 1621 2094 Sic
1643 2055 1709 2113 quo·

57 2118 242 2194 pulchritudo,
266 2118 404 2182 tortitudo,
427 2116 566 2182 velocitas,
595 2116 714 2185 libertas,
742 2115 854 2184 iastius,
910 2138 962 2191 que
982 2124 1055 2180 visin
1069 2131 1112 2178 est
1132 2123 1267 2177 Abraham
1287 2123 1399 2191 dixisse,
1416 2140 1476 2180 cum
1497 2127 1652 2197 loqueretur
1674 2130 1707 2186 ad

57 2211 194 2280 voluptas,
206 2204 370 2285 diuturnitas
381 2205 453 2259 vitae.
471 2204 579 2275 Septem
591 2221 699 2277 quoque
709 2215 773 2259 aunt
786 2203 857 2258 bont
910 2226 972 2267 eum
982 2208 1016 2265 de
1029 2210 1173 2268 Sodomis:
1189 2210 1359 2267 Descendunt
1378 2216 1407 2266 et
1420 2212 1512 2271 videbo
1524 2230 1576 2285 per
1590 2219 1708 2271 memet-

58 2300 182 2355 animae:
204 2295 348 2366 sapientia,
365 2293 493 2360 amicitia,
514 2293 666 2360 concordia,
683 2294 780 2360 bonor,
794 2292 856 2363 pie·
911 2301 1005 2371 ipsam
1014 2300 1040 2354 ri
1052 2299 1103 2368 sic,
1114 2302 1148 2354 ut
1158 2301 1315 2367 rumorest,
1325 2314 1407 2370 opere
1414 2302 1704 2374 compleverintfflen.

59 2398 112 2456 tas,
129 2393 256 2456 potestas,
272 2383 437 2454 jncunditas.
453 2383 555 2438 Psaeler
576 2383 634 2438 haec
646 2384 765 2453 propria,
781 2395 857 2436 com·
912 2403 990 2453 narrt,
1004 2387 1060 2459 11).
1076 2387 1109 2441 Et
1124 2387 1168 2443 hic
1186 2387 1354 2454 instruimur,
1370 2403 1421 2444 non
1433 2389 1523 2445 statim
1537 2390 1637 2447 debere
1647 2391 1706 2450 dari

59 2475 154 2534 munia
170 2477 233 2531 sunt
257 2475 342 2529 multa
364 2472 425 2528 data
447 2471 591 2538 ruricoliss
617 2471 669 2527 elia
690 2470 743 2535 his,
759 2477 785 2525 et
805 2469 858 2524 alia
912 2474 991 2531 iidem
1006 2475 1171 2549 quibuslibet
1189 2475 1298 2542 verbis;
1323 2476 1405 2533 sedai
1421 2478 1460 2535 sic
1473 2484 1524 2550 est,
1540 2485 1570 2534 ut
1596 2479 1705 2549 dicitur,

61 2566 125 2622 illis.
144 2564 219 2619 Bona
237 2563 310 2618 caim
334 2573 399 2637 sunt
417 2561 528 2618 divitum
552 2560 652 2616 divitiae
676 2575 743 2627 suae,
760 2575 795 2614 ne
809 2573 858 2614 eos
913 2564 991 2635 prins
1004 2564 1133 2619 adhibere
1146 2564 1287 2618 cautelam.

62 2652 229 2727 paupertatis
244 2651 367 2707 molestia
378 2649 498 2724 frangat3
515 2650 584 2706 bona
599 2664 759 2722 pauperum,
774 2663 858 2719 penu·
946 2654 975 2706 7.
994 2652 1143 2723 Sequitur:
1168 2651 1238 2721 Quid
1250 2651 1359 2722 saciant
1377 2650 1392 2706 f
1414 2651 1476 2709 Haec
1489 2654 1658 2726 querimonis
1674 2657 1708 2715 de

61 2745 110 2801 riae
125 2759 189 2810 soar,
207 2742 306 2813 quibus
320 2740 495 2811 castigantur,
511 2754 546 2795 ne
569 2756 618 2812 per
632 2738 854 2796 incontinentiam
913 2738 1053 2812 praemissa
1068 2738 1275 2795 comminatione
1290 2740 1421 2810 procedit.
1435 2741 1479 2797 Sic
1494 2744 1585 2815 utique
1598 2743 1707 2817 quidam

60 2833 200 2902 defluant3
216 2830 334 2897 fortium,
351 2828 490 2894 fortitudo,
506 2837 536 2883 ut
554 2830 587 2883 ad
603 2830 673 2884 bona
688 2844 769 2900 opera
788 2843 855 2883 eon·
910 2845 971 2884 cum
986 2834 1100 2884 mortem
1123 2828 1172 2884 sibi
1197 2826 1291 2884 venire
1313 2829 1347 2884 de
1368 2845 1454 2901 prope
1476 2830 1578 2903 vident,
1593 2849 1623 2889 ae
1639 2834 1708 2891 male

61 2921 215 2986 valescent3
240 2917 379 2984 debilium,
397 2917 576 2988 imbecillitas,
601 2932 654 2989 qua
676 2917 856 2985 refrenantur,
873 2915 895 2993 c
911 2917 1011 2973 vixisse
1026 2917 1154 2986 scientes,
1169 2917 1266 2972 timore
1285 2917 1432 2987 perterriti,
1448 2917 1513 2992 quid
1526 2919 1650 2989 iecerint,
1665 2921 1707 2978 vel

63 3026 98 3064 ne
114 3006 186 3081 quod
201 3007 283 3065 velint
296 3007 398 3061 malum
418 3005 573 3076 perficiant3
596 3005 789 3078 insipientium,
807 3021 856 3060 sua
909 3005 1025 3077 qualiter
1040 3005 1065 3059 id
1081 3004 1224 3061 emendare
1238 3005 1365 3075 debeant,
1381 3021 1471 3061 secum
1491 3007 1556 3064 satis
1571 3008 1708 3065 amarissi-

63 3098 233 3169 simplicitas,
248 3112 301 3167 qua
316 3094 491 3150 humiliantur
508 3109 543 3150 ne
558 3096 723 3167 superbiant.
739 3094 856 3151 Omnino

62 3186 194 3261 quidquid
214 3186 240 3239 in
254 3184 304 3239 hac
319 3184 374 3239 vita
388 3192 480 3239 nostra
498 3183 631 3256 fragilitas
647 3183 777 3255 possidet,
794 3185 857 3256 pios

63 3275 196 3345 conditor,
217 3274 394 3344 quantumin
418 3287 467 3326 sua
492 3271 612 3328 bonitate
626 3280 677 3342 est,
698 3272 732 3326 ad
755 3273 857 3328 bonam

61 3373 185 3421 nostrum
200 3363 278 3418 nobis
295 3360 415 3431 quotidie
435 3358 549 3428 confert,
567 3361 669 3415 scilicet
685 3362 725 3416 vel
745 3362 780 3415 ad
793 3375 857 3415 cor-

62 3455 212 3526 reptionem
229 3449 375 3521 pravitatis,
392 3450 433 3504 vel
448 3447 483 3502 ad
506 3448 657 3519 profectum
675 3449 788 3505 virtutis.
805 3446 858 3502 Sed

63 3545 105 3614 (ut
121 3542 211 3600 verbis
225 3540 296 3596 beati
310 3537 436 3609 Gregorii
452 3537 522 3607 utar)
536 3553 598 3609 quae
612 3536 645 3592 ad
661 3553 738 3592 usum
750 3538 857 3608 accepi·

63 3647 126 3691 mus
140 3630 210 3700 vitae,
229 3627 264 3682 ad
286 3642 366 3682 usum
389 3625 572 3682 convertimus
591 3625 678 3697 culpe
693 3624 807 3698 (licinii.
830 3624 858 3678 in

64 3719 188 3795 living).
205 3715 392 3774 Valetudinem
417 3729 562 3786 corporum
581 3714 608 3769 in
623 3729 701 3770 usum
716 3712 857 3771 consumi-

911 3109 954 3148 me
968 3094 1124 3166 exquirunt,
1140 3093 1277 3149 dicentes:
1299 3091 1370 3163 Quid
1387 3092 1518 3164 sociam?
1533 3095 1636 3158 Foderc
1649 3113 1709 3154 non

910 3183 997 3251 valeo,
1013 3182 1176 3240 mendicare
1190 3182 1328 3240 erubesco.
1345 3184 1408 3238 llaec
1422 3185 1477 3240 duo
1501 3185 1581 3241 verba
1602 3185 1628 3239 in
1645 3202 1709 3258 per·

912 3286 979 3327 sona
993 3271 1099 3326 illoram
1117 3271 1247 3342 loquitur,
1265 3271 1311 3342 qui
1326 3272 1384 3326 lraec
1397 3271 1452 3327 duo
1474 3269 1608 3328 timentia
1624 3271 1710 3344 poeni·

911 3359 1011 3415 tentia:
1027 3359 1131 3414 scilicet
1152 3356 1328 3413 afflictionem
1348 3361 1470 3427 corporis
1491 3356 1582 3417 099
1601 3371 1628 3416 et
1647 3378 1711 3432 pau·

913 3455 1042 3517 pertatem
1058 3466 1065 3500 t
1081 3462 1197 3518 quorum
1218 3448 1333 3502 alterum
1357 3446 1518 3519 intelligitur
1533 3465 1582 3520 per
1603 3449 1708 3524 sedere,

913 3537 1040 3608 alterum,
1057 3551 1104 3606 per
1131 3536 1302 3594 mendicare.
1319 3535 1353 3591 Ut
1366 3535 1435 3591 eninr
1456 3535 1497 3593 sic
1516 3537 1653 3594 moraliter
1668 3540 1710 3595 di-

912 3640 983 3691 cam,
1010 3625 1101 3681 fodcre
1130 3633 1172 3679 est
1193 3624 1302 3682 sarculo
1329 3627 1554 3697 compunctionis,
1579 3635 1607 3683 et
1620 3636 1709 3686 aratro

912 3714 1093 3774 confessionis
1108 3715 1135 3770 in
1150 3714 1252 3770 fruetus
1264 3714 1343 3770 boaae
1353 3714 1517 3786 operationis
1523 3716 1614 3773 cordis
1624 3718 1711 3774 nostri

64 3827 124 3865 mus
143 3808 292 3878 vitiorum,
311 3808 384 3862 bona
408 3806 507 3861 mentis
530 3803 558 3860 ia
577 3820 655 3860 rasum
681 3803 860 3876 expendimus
909 3804 1266 3885 jugeradissulcare:quod
1280 3804 1369 3860 lacere
1383 3805 1711 3877 propbetanosadmoaet

65 3897 200 3954 vanitatis,
216 3898 247 3951 Et
262 3897 314 3950 hoc
328 3902 371 3948 est
388 3893 461 3965 quod
477 3892 598 3948 dicitur:
619 3893 673 3962 Qui
687 3891 859 3964 diffamatus

65 3990 107 4043 est
122 3983 198 4058 apud
217 4000 292 4051 curn,
309 3983 389 4053 quasi
404 3980 568 4055 dissipasset
582 3983 654 4039 bona
667 3984 767 4056 ipsius.

912 3897 1024 3953 dicens:
1041 3895 1169 3951 Scinditc
1189 3895 1396 3964 cordavestra,
1417 3899 1446 3951 et
1460 3911 1519 3952 non
1533 3898 1708 3956 vestimenta
1782 3942 1784 3947 ,
1816 3894 1820 3903 '

912 3991 1006 4045 vestm
1020 3985 1100 4058 (icet.
1110 3984 1200 4057 ιι,13).
1216 3984 1250 4040 Et
1263 3983 1325 4040 hinc
1341 3991 1383 4042 est
1396 3982 1461 4040 illud
1476 3985 1549 4058 qaod
1563 3984 1601 4041 ait
1619 3995 1711 4043 custos

101 4076 129 4129 6.
149 4072 247 4142 opera.
262 4070 378 4141 pretium
398 4076 440 4123 est
458 4070 528 4125 scire
541 4072 603 4140 quis
616 4069 795 4128 diffamaverit
809 4069 860 4127 vil·
913 4076 1001 4132 viueae
1016 4075 1050 4131 de
1059 4073 1144 4130 sterili
1159 4074 1274 4130 ficulnea
1284 4073 1317 4129 ad
1333 4073 1470 4129 domiuum
1485 4090 1581 4130 suum:
1592 4076 1712 4134 Dimitte

67 4164 156 4230 licum,
168 4160 211 4218 vel
225 4158 298 4215 unde
313 4157 444 4229 prodierit
458 4157 618 4216 diffamatio.
635 4159 784 4216 Petulantia
798 4160 857 4232 ipsa
872 4195 895 4273 n
913 4181 976 4222 eam
992 4170 1020 4221 et
1031 4166 1081 4225 bec
1092 4182 1178 4233 anno,
1189 4170 1273 4237 utepa
1284 4166 1398 4221 servieras
1409 4162 1516 4234 fodiam
1529 4165 1608 4220 circa
1618 4165 1711 4232 illam,

66 4263 118 4318 est,
140 4266 201 4322 qaae
215 4246 403 4303 disseminavit
425 4243 664 4317 infamiamrquae
684 4257 748 4305 tuno
760 4249 858 4305 dicitur
913 4260 941 4312 et
955 4270 1098 4328 apponam
1113 4258 1238 4309 stercora
1251 4253 1329 4323 (Luc.
1347 4267 1408 4319 utri,
1425 4254 1464 4322 8).
1480 4252 1531 4309 Sed
1546 4254 1598 4308 bac
1613 4251 1663 4307 iste
1677 4253 1712 4309 de
1756 4247 1760 4252 ’

68 4341 209 4406 infamare,
225 4355 285 4395 cum
301 4350 356 4392 non
367 4334 506 4390 erubescit
518 4336 710 4409 negligentiam
724 4353 800 4392 suam
812 4336 860 4391 de·
913 4358 968 4416 qno
983 4342 1026 4397 liic
1039 4342 1140 4415 agitur,
1155 4342 1245 4411 primo
1260 4338 1351 4396 iacere
1365 4339 1568 4412 pertimescens,
1584 4340 1640 4398 ait:
1659 4342 1711 4398 11⁸0.

67 4430 193 4498 clamare,
212 4431 283 4485 sicut
296 4426 358 4481 ibi:
379 4425 496 4481 Nullum
519 4430 636 4499 pratum
656 4427 694 4482 sit
717 4424 790 4499 quod
803 4440 861 4482 non
915 4431 979 4488 dere
993 4446 1051 4486 non
1064 4429 1152 4486 aclea.
1169 4427 1268 4484 Contra
1290 4444 1371 4500 quem
1387 4437 1456 4485 recte
1478 4445 1527 4500 per
1541 4428 1712 4485 Salomonem

67 4522 248 4595 pertranseat
275 4517 392 4574 lunaria
410 4527 524 4584 nostra·
539 4532 706 4573 coronemus
724 4531 776 4573 nos
789 4512 863 4571 rosis
915 4518 1027 4576 dicitur:
1046 4520 1127 4589 Piger
1144 4521 1259 4590 propter
1272 4518 1363 4588 frigus
1382 4533 1465 4574 arare
1486 4518 1582 4574 noluit
1600 4537 1610 4585 ;
1638 4533 1714 4575 men·

68 4604 864 4681 antequarnrnarccscant,ubiquerelinquamussignaloe·
916 4607 1020 4665 dicabit
1049 4621 1111 4678 erpo
1134 4607 1244 4669 astate,
1260 4609 1289 4660 et
1308 4620 1366 4661 non
1381 4603 1497 4662 dabitur
1517 4607 1544 4664 ei
1562 4607 1654 4678 (Pron.
1667 4624 1711 4676 xx,

69 4699 144 4754 titire
154 4700 260 4752 nostroe
270 4695 347 4766 (sap.
364 4710 395 4762 rr,
408 4699 434 4761 8,
448 4696 486 4762 9).
503 4695 611 4766 Quippe
623 4697 679 4752 lraec
692 4694 753 4751 talis
761 4692 862 4749 locutio
917 4695 955 4768 1).
972 4694 1024 4765 Qui
1038 4693 1110 4749 enim
1125 4708 1196 4747 nunc
1209 4699 1319 4764 propter
1329 4709 1461 4764 pavorem
1477 4694 1584 4764 mentis,
1600 4705 1647 4752 aut
1661 4708 1714 4752 tor·

68 4788 147 4858 plane
162 4784 299 4839 infamatio
314 4794 366 4842 est.
383 4783 426 4838 Fit
448 4792 538 4839 autem
552 4784 650 4858 triplici
669 4799 745 4853 voce,
761 4782 864 4839 scilicet
915 4800 1009 4856 parem
1024 4797 1157 4838 macerare
1170 4797 1257 4853 seper
1278 4781 1461 4853 paenitentiam
1481 4792 1507 4837 et
1532 4781 1654 4858 affligere
1669 4800 1715 4841 ne.

66 4875 247 4948 cogitationis,
263 4873 415 4944 locutionis,
427 4881 454 4927 et
469 4873 748 4945 operisllabetenim
763 4873 863 4944 cogita·
917 4871 1013 4947 gligit3
1035 4887 1097 4928 curu
1111 4871 1149 4926 sol
1164 4870 1275 4941 justitiae
1291 4871 1318 4925 in
1339 4871 1453 4942 judicio,
1473 4871 1548 4928 velut
1569 4871 1598 4926 iu
1612 4880 1711 4941 astate,

67 4966 106 5023 tio
119 4980 211 5020 vocem
225 4979 311 5019 suam.
330 4962 406 5018 Unde
422 4963 554 5018 Dominus
567 4963 697 5033 cogitanti
712 4962 800 5034 llloysi
814 4965 862 5018 ait:
917 4961 1053 5028 claruerit,
1069 4969 1172 5034 quaeret
1198 4962 1328 5033 requiem,
1355 4961 1403 5016 sed
1431 4976 1483 5017 non
1506 4960 1630 5034 accipiet,
1649 4961 1714 5034 quia

70 5054 143 5123 Quid
163 5057 269 5110 clamas
284 5052 320 5106 ad
334 5051 403 5109 nte?
420 5051 519 5121 chod.
533 5067 593 5120 arv,
608 5053 666 5124 15.)
685 5053 717 5108 lit
731 5051 816 5108 David
830 5049 864 5106 ad
917 5063 1027 5125 propter
1040 5051 1114 5107 illam
1129 5051 1236 5123 operari
1257 5051 1326 5105 bona
1341 5051 1513 5123 contempsit.

65 5141 381 5214 Dominumzdcpitatio
389 5141 513 5199 bominis
522 5143 705 5212 confitebitur
716 5143 768 5199 tibi
776 5142 863 5214 (Psoi.
954 5145 980 5199 8.
1007 5141 1149 5214 Sequitur:
1173 5139 1330 5197 llendicarc
1354 5139 1493 5198 madesco.
1510 5140 1566 5197 lloc
1589 5140 1715 5216 igitarad

65 5248 157 5297 cxxv,
175 5235 229 5300 11).
246 5231 331 5285 llabet
345 5239 372 5285 et
386 5244 558 5300 opusvocem
575 5247 662 5286 stram.
680 5231 757 5287 Unde
768 5229 865 5285 Domi·
917 5229 1037 5286 litteram
1052 5237 1166 5286 tantum.
1182 5229 1251 5285 Sunt
1266 5227 1338 5283 enim
1364 5229 1484 5301 qnidam,
1512 5229 1560 5300 qui
1574 5230 1714 5304 erogando

66 5340 119 5380 nus
134 5322 166 5376 ad
182 5319 248 5374 Cain
264 5337 271 5373 z
291 5321 410 5390 Sanguis
424 5322 526 5390 fratris
546 5323 591 5376 tui
604 5321 709 5376 clamat
724 5319 759 5374 ad
773 5334 818 5375 me
832 5319 867 5376 dc
920 5321 992 5376 bona
1006 5335 1055 5375 sua
1073 5317 1236 5392 pauperibus
1250 5317 1347 5391 culpas
1360 5332 1423 5373 suas
1445 5316 1578 5376 redimere
1602 5320 1712 5394 vellent,

69 5417 146 5470 terra
162 5408 241 5482 (Gen.
259 5425 298 5476 rv,
315 5412 370 5476 10).
389 5408 481 5465 Prodit
494 5416 584 5465 autem
600 5408 711 5466 infamia
725 5416 817 5464 nostra
832 5423 867 5464 ex
920 5417 945 5466 et
959 5411 1013 5467 hoc
1040 5407 1184 5481 cogitando
1212 5413 1393 5480 pertractant:
1418 5408 1466 5464 sed
1492 5411 1663 5482 postmodum
1678 5410 1714 5466 ti-

69 5503 114 5558 bia
131 5515 192 5574 qna
208 5498 276 5556 liunt
285 5505 331 5554 aut
341 5505 439 5555 contra
452 5506 588 5574 naturam,
605 5505 651 5555 aut
662 5509 755 5557 matra
767 5497 867 5573 legem,
924 5508 1029 5559 merrus
1042 5513 1076 5557 na
1089 5503 1197 5572 egeant,
1219 5512 1283 5572 erga
1303 5503 1415 5572 agenta
1429 5499 1667 5574 annominasset
1680 5502 1715 5562 ab
