3706 5962
49 183 105 248 537
604 186 794 249 ualentius
815 187 854 249 DE
876 188 1045 252 tutuutoat
1068 189 1168 255 bono.
1648 193 1701 254 538

49 310 91 368 Ita
107 309 178 367 mala
195 324 256 382 qne
272 307 332 380 ieci,
349 308 506 385 cogitationi
520 309 603 372 351
620 328 687 370 meae
701 312 759 369 suis
782 314 848 369 ima·
864 330 902 411 g·
935 318 980 373 60.
1001 314 1179 391 Quacumque
1201 323 1259 376 arte
1277 320 1420 377 uerborum
1443 319 1506 391 quis
1532 321 1615 392 juret,
1629 318 1700 379 Dens

48 400 164 474 ginibus
186 398 329 472 impressa,
345 399 373 455 in
388 400 447 474 ipsa
461 417 521 458 mea
535 401 657 461 oratione
677 418 718 459 me
740 411 850 461 contur-
905 404 950 477 qui
968 405 1139 464 conscientiae
1154 408 1227 464 testis
1241 415 1293 473 est,
1313 407 1350 464 ita
1362 409 1415 465 hoc
1429 409 1535 480 accipit,
1558 409 1628 467 sicut
1642 409 1699 476 ille,

48 489 128 545 bant.
145 488 280 544 Caeterum
296 495 398 562 quanto
422 488 546 563 graviore
570 493 686 546 tumultu
700 491 847 564 cogitatio·
905 496 947 552 cui
963 495 1013 553 lnoc
1024 495 1140 565 juratur,
1155 498 1296 572 intelligit:
1312 497 1359 570 qui
1374 513 1441 554 vcro
1461 496 1603 568 dupliciter
1616 500 1699 569 jurat,

50 593 119 635 num
144 576 296 634 cannabum
320 593 437 649 premor,
467 586 540 637 tanto
568 579 707 637 ardentius
735 580 852 637 oradoni
904 583 1045 655 dupliciter
1061 584 1176 654 reuslit,
1192 586 1290 659 quiaet
1309 602 1406 642 nomen
1421 585 1530 642 Domini
1549 585 1577 640 in
1601 602 1699 644 vanum

49 666 182 723 insistere
196 665 295 724 debeo.
320 667 353 722 Et
371 674 505 740 quantum
521 678 696 741 peccatorum
724 684 849 726 meorum
904 673 1026 743 assumit,
1042 681 1068 728 et
1080 674 1236 747 proximum
1262 674 1324 732 dolo
1351 674 1433 746 capit.
1460 674 1537 745 Saepe
1563 674 1636 729 Dens
1656 673 1701 731 hie

49 755 244 831 phantasmata
258 756 286 811 in
302 754 422 814 oratione
440 758 601 832 plerumque
616 760 724 833 patior;
745 765 850 817 tantum
905 760 993 831 puniri
1014 760 1119 834 tolerat,
1135 778 1205 833 quos
1223 763 1256 819 ad
1282 764 1397 820 salntem
1426 773 1585 834 perpetuam
1610 766 1698 832 parat.

50 861 169 903 necesse
181 851 224 902 est
233 852 262 902 ut
275 845 388 902 intentio
402 845 493 903 cordis
503 848 557 904 nrei
568 863 622 921 quo
636 848 730 905 durius
741 847 851 921 repelli·
904 850 1062 907 iucunditas
1086 852 1175 909 cordis
1199 860 1240 910 εει
1267 852 1322 909 vita
1348 851 1478 909 hominis.
1507 850 1561 908 Cor
1588 866 1702 923 pravum

49 943 107 1004 tur,
129 943 205 993 tanto
221 935 353 991 ualentius
379 936 486 993 insistat
499 937 613 994 orationi
631 956 638 997 :
653 945 787 1010 quatenns
800 951 850 994 eo·
904 939 978 994 dabit
991 940 1133 997 tristitiam.
1145 941 1241 999 Omnis
1255 942 1319 998 boni
1333 941 1554 1011 impedimentum
1564 939 1703 998 esttristi·

50 1024 197 1099 gitatoinis
219 1023 318 1082 illicitae
333 1025 479 1083 tumultum
503 1034 622 1100 superet,
643 1037 724 1098 atqne
739 1024 775 1083 ad
790 1026 850 1100 pias
905 1027 950 1083 tia.
976 1028 1119 1085 llumilitas
1138 1046 1189 1088 nec
1220 1031 1277 1102 ipsa
1300 1030 1432 1100 irascitur,
1454 1046 1503 1087 uec
1525 1031 1596 1086 alios
1622 1014 1704 1086 irasci

50 1128 137 1172 aures
149 1113 261 1171 Domini
280 1113 416 1171 nimietate
432 1130 488 1172 suae
519 1116 730 1189 importunitatis
744 1115 849 1172 tamdiu
905 1116 1041 1190 permittit
1060 1118 1268 1187 Humilitasest,
1285 1118 1431 1192 siquando
1447 1118 1598 1191 peccaverit
1620 1117 1650 1173 in
1675 1126 1701 1175 tc
1759 1110 1761 1115 ’

50 1205 198 1276 irrumpat,
213 1204 299 1260 donec
308 1203 488 1277 cogitationes
502 1205 585 1262 malas
600 1221 683 1262 manu
698 1204 787 1262 sancti
801 1205 853 1260 de-
905 1204 989 1262 irater
1003 1214 1073 1276 tuns,
1089 1215 1230 1281 antequam
1244 1209 1322 1266 illum
1339 1223 1467 1283 peccasse
1479 1206 1704 1280 poeniteatdimi·

51 1292 150 1349 siderii
168 1293 203 1348 ab
216 1293 303 1351 oculis
326 1293 416 1350 cordis
431 1293 533 1366 abigat.
560 1295 624 1352 ilaee
639 1303 681 1351 est
694 1310 757 1352 rere
773 1302 850 1350 tran·
904 1294 972 1352 seris
990 1295 1039 1353 illi.
1056 1296 1246 1370 Unusquisque
1261 1298 1342 1355 talem
1356 1297 1551 1374 indulgentiam
1573 1303 1703 1368 acceptu·

51 1381 188 1456 quillitas,
204 1399 267 1439 cum
282 1390 338 1440 tota
357 1398 434 1439 mens
449 1384 522 1439 inse
537 1383 597 1456 ipsa
615 1384 763 1457 colligitur,
782 1383 851 1439 etin
905 1399 952 1439 rus
965 1389 1007 1439 est
1018 1399 1034 1438 a
1046 1384 1114 1451 Deo,
1140 1386 1244 1458 qualem
1254 1385 1313 1458 ipse
1337 1384 1441 1442 dederit
1459 1384 1583 1457 proximo
1608 1400 1658 1441 suo
1672 1383 1703 1443 in

52 1487 112 1530 uno
136 1471 291 1530 aeternitatis
309 1471 442 1528 desiderio
457 1473 632 1529 immobiliter
646 1472 748 1548 figitur.
762 1472 851 1529 Debet
908 1486 937 1527 se
951 1473 1081 1545 peccanti.
1092 1474 1204 1532 Frustra
1216 1476 1302 1532 Deum
1315 1474 1456 1548 propitiari
1469 1474 1524 1530 sibi
1536 1474 1642 1547 quaerit,
1655 1472 1702 1548 qni

52 1560 172 1635 proinde
187 1560 391 1618 fluctuationem
403 1561 493 1618 cordis
503 1562 680 1636 restringere,
695 1573 721 1618 et
730 1562 763 1617 ad
773 1561 855 1617 unius
908 1563 962 1618 cito
972 1562 1073 1633 placari
1088 1565 1210 1633 proximo
1229 1563 1352 1639 negligit.
1368 1565 1400 1622 ln
1413 1573 1460 1622 tua
1472 1563 1628 1621 infirmitate
1646 1577 1702 1620 non

53 1650 115 1708 veri
128 1650 219 1723 gaudii
233 1649 409 1723 desiderium,
424 1652 618 1728 cogitationum
631 1662 657 1709 et
677 1650 853 1709 allectionem
870 1614 893 1693 Β
909 1655 934 1706 ιε
946 1650 1089 1722 despicias,
1104 1652 1151 1708 sed
1173 1668 1221 1709 ora
1249 1657 1346 1721 Deum,
1374 1661 1402 1710 et
1419 1654 1525 1711 curabit
1554 1662 1590 1721 ιε.
1619 1652 1700 1724 Saepe

54 1746 148 1798 motus
157 1738 299 1815 colligere.
908 1739 1007 1795 multos
1020 1741 1095 1798 Deus
1108 1755 1164 1797 non
1178 1743 1286 1799 exaudit
1296 1743 1329 1798 ad
1339 1743 1518 1809 voluntatem,
1529 1754 1558 1798 ut
1573 1741 1703 1799 exaudiat

908 1826 942 1882 ad
956 1827 1080 1885 salutent.
1097 1828 1207 1887 Duobus
1221 1830 1309 1887 modis
1322 1831 1408 1888 oratio
1423 1829 1582 1904 impeditur,
1596 1845 1630 1886 ne
1650 1831 1703 1887 im·

54 1919 94 1976 Dc
110 1918 240 1975 uitiiset
263 1908 396 1977 clusiles
421 1921 537 1992 lingere,
560 1922 675 1990 centus,
695 1921 853 1991 juramen·
909 1923 1016 1987 petrare
1030 1917 1091 1992 quis
1104 1920 1191 1977 valeat
1204 1921 1338 1991 postulata
1355 1920 1425 1976 ;hoc
1438 1929 1490 1987 est,
1516 1920 1540 1975 si
1562 1927 1608 1976 aut
1632 1919 1704 1975 mala

409 2011 443 2076 ti,
459 2016 511 2064 ete.
909 2006 1022 2079 quisque
1041 2009 1193 2078 committit,
1222 2011 1306 2068 autsi
1330 2009 1497 2082 delinquenti
1515 2009 1544 2067 in
1561 2025 1590 2066 se
1605 2008 1700 2066 debita

93 2097 140 2153 58.
156 2094 268 2152 blultuur
283 2096 369 2169 loqui,
384 2098 497 2156 stultitia
508 2105 569 2153 est:
591 2097 719 2170 quoniam
734 2096 761 2151 in
781 2096 853 2152 mul·
908 2111 962 2151 non
972 2095 1093 2153 dimittit.

57 2183 175 2258 tiloquio
195 2193 333 2256 peccatum
348 2186 441 2244 deesse
465 2203 520 2243 nou
535 2195 622 2260 potest
636 2190 731 2258 (Pron.
752 2186 853 2257 x,19).
944 2187 988 2239 ot.
1008 2186 1080 2242 Vera
1092 2185 1227 2244 confessio
1242 2195 1269 2245 et
1282 2188 1513 2262 verapoenitentia
1527 2196 1579 2255 εει,
1595 2186 1704 2260 quando

57 2273 169 2347 Lingua
183 2273 287 2341 dicitnr,
304 2275 367 2346 qnia
382 2276 469 2350 lingit.
483 2276 572 2349 Lingit
587 2274 733 2347 adulando,
749 2274 855 2332 mordet
906 2272 947 2329 sie
961 2275 1075 2346 poenitat
1094 2276 1230 2333 hominem
1245 2293 1382 2349 peccasse,
1407 2285 1437 2335 ut
1456 2277 1568 2334 crimem
1592 2291 1647 2334 non
1662 2291 1708 2333 re·

58 2362 239 2432 detrahendo,
253 2364 354 2422 occidit
379 2366 544 2423 mentiendo.
560 2366 651 2440 bigat,
666 2375 693 2424 et
708 2364 786 2437 ligari
800 2379 853 2420 non
908 2370 992 2433 petat.
1007 2362 1078 2420 Nihil
1093 2365 1172 2434 pejus
1186 2375 1227 2422 est
1239 2382 1321 2440 quarn
1335 2367 1444 2439 culpem
1459 2381 1638 2440 cognoscere,
1655 2379 1707 2423 uec

56 2460 170 2526 potest:
190 2452 278 2510 labilis
292 2464 343 2522 est,
357 2462 384 2512 et
399 2457 485 2512 teneri
501 2472 555 2512 uou
568 2461 675 2528 potest3
690 2455 739 2511 sed
753 2453 855 2511 labitur
907 2450 1020 2508 debere.
1042 2452 1071 2508 Si
1094 2454 1192 2510 rideris
1222 2455 1366 2528 aliqnando
1394 2463 1597 2528 persecutorem
1627 2466 1706 2511 tuum

58 2550 86 2600 et
102 2541 214 2601 labitur.
224 2541 337 2600 Labitur
354 2550 383 2598 nt
406 2543 534 2618 anguilla,
551 2551 674 2616 penetrat
689 2552 718 2599 nt
732 2541 852 2616 sagitta,
908 2539 1164 2610 uimissaeaientem,
1180 2544 1246 2601 scito
1259 2543 1565 2617 ilinssquiaascensore
1579 2558 1629 2602 suo
1644 2547 1703 2600 dae·

59 2632 129 2690 tollit
143 2632 255 2699 amicos,
270 2631 430 2705 multiplicat
443 2633 583 2703 inimicos;
599 2641 691 2691 movet
706 2633 790 2698 rixas,
807 2647 854 2689 se·
909 2644 988 2687 mone
1001 2640 1172 2707 perurgetur.
1196 2632 1291 2691 Omnis
1315 2635 1396 2691 bomo
1415 2635 1461 2706 qui
1474 2629 1557 2692 alium
1580 2635 1609 2690 in
1641 2649 1708 2691 cor-

58 2723 147 2779 minat
162 2721 319 2780 discordias.
334 2724 393 2779 Uno
408 2721 463 2778 ictu
478 2723 575 2779 maritos
595 2721 710 2796 percutit
728 2729 755 2779 ει
771 2723 854 2777 inter·
909 2734 975 2790 pore
987 2721 1168 2794 persequitur,
1183 2724 1259 2794 prius
1270 2724 1328 2797 ipse
1345 2725 1372 2780 iu
1386 2725 1469 2781 corde
1488 2725 1704 2796 persecutionem

58 2811 127 2869 licit.
141 2810 243 2868 blanda
256 2819 296 2868 εει
310 2821 337 2868 ει
351 2812 475 2881 subdola,
491 2812 544 2868 lata
554 2821 581 2870 et
594 2821 687 2884 parata
706 2810 739 2866 ad
749 2811 854 2867 exhau-
908 2807 1043 2865 sustinere
1055 2811 1239 2882 cognoscitur.
1256 2813 1343 2886 Super
1361 2814 1411 2871 tria
1425 2813 1501 2869 firma
1524 2814 1600 2871 sedet
1613 2813 1704 2870 hunri-

59 2902 156 2960 rienda
179 2903 260 2969 bona,
277 2911 305 2958 et
332 2901 470 2960 miscenda
487 2903 567 2959 mala.
587 2903 639 2975 Qui
657 2902 774 2960 custodit
800 2900 854 2956 lin·
871 2892 893 2971 t
909 2895 990 2954 litatis
1004 2897 1154 2971 perfectio:
1172 2909 1200 2956 ut
1213 2901 1333 2958 attendat
1346 2901 1428 2958 homo
1443 2901 1508 2976 qnid
1523 2900 1573 2957 init
1587 2909 1649 2958 ante
1662 2916 1707 2958 or·

59 3008 144 3064 gnam
155 3007 244 3061 suam,
260 2991 379 3047 custodit
393 2991 509 3046 animam
520 3007 597 3048 suam
613 2993 853 3063 (Pron.xx1,23);
909 2993 978 3057 tum,
993 2987 1058 3059 quid
1073 2997 1115 3044 est
1133 2991 1166 3046 ab
1181 2997 1242 3048 ortu
1256 3006 1344 3062 usque
1367 2991 1400 3048 ad
1415 3006 1555 3061 occasum,
1570 2991 1636 3064 quid
1650 2991 1702 3049 erit

58 3081 190 3155 quoniam
204 3097 279 3138 mors
288 3090 314 3136 et
325 3081 378 3137 rita
397 3081 423 3136 in
438 3088 570 3154 potestate
590 3080 691 3154 linguae
705 3087 747 3137 est
760 3081 855 3150 (Pron.
910 3083 970 3145 post
984 3075 1056 3133 bano
1068 3077 1158 3135 vitam.
1178 3079 1255 3136 Unde
1269 3079 1342 3137 enim
1356 3081 1493 3153 superbiat
1512 3082 1604 3150 bomo,
1616 3095 1690 3137 renue

59 3187 143 3238 nuru,
159 3171 216 3243 et).
236 3171 289 3242 Qui
305 3171 424 3245 lingnam
444 3187 519 3226 snam
533 3180 561 3227 at
574 3178 697 3229 ventrem
719 3168 856 3227 custodire
910 3176 1017 3220 morans
1028 3166 1101 3238 quod
1115 3167 1166 3225 luit
1180 3168 1233 3226 nile
1247 3184 1350 3238 semen,
1374 3175 1401 3225 et
1415 3170 1529 3242 sangnis
1543 3168 1705 3243 coagulatus

59 3277 117 3319 non
147 3270 249 3335 potest,
275 3260 424 3317 monachus
446 3275 501 3317 non
535 3267 585 3320 est,
606 3261 690 3331 Cujus
718 3270 856 3332 peccatum
909 3251 937 3307 in
956 3262 1033 3310 utero
1046 3271 1053 3325 ς
1066 3257 1240 3328 postmodum
1254 3258 1282 3314 in
1296 3258 1403 3315 deserit>
1417 3259 1499 3328 hujus
1514 3258 1575 3315 vilae
1588 3258 1705 3315 miseriis

58 3352 185 3426 quisquis
198 3350 329 3426 seqnitur,
359 3366 471 3408 necesse
495 3359 584 3408 estut
610 3354 671 3423 ejus
689 3365 797 3423 poenam
813 3364 857 3406 se·
908 3343 1044 3413 expositus
1053 3351 1080 3399 ει
1090 3355 1213 3416 peecato;
1230 3347 1338 3403 taudem
1351 3346 1430 3414 einis,
1447 3356 1473 3404 et
1486 3361 1549 3404 esea
1566 3348 1699 3404 vermium

59 3450 170 3516 quatur.
186 3441 408 3513 Uninsqu'usque
431 3457 510 3499 casus
525 3448 599 3497 tanto
618 3441 729 3511 majoris
744 3445 785 3497 est
798 3438 853 3496 cri·
909 3428 1018 3487 iuturus
1035 3431 1063 3488 in
1079 3435 1205 3492 tumulo?

326 1828 441 1886 CAPUT
464 1828 592 1887 xxtttrt.

59 3533 154 3602 minu,
182 3539 284 3607 quanto
321 3531 478 3605 priusquam
507 3531 625 3597 caderet,
660 3529 770 3599 majoris
800 3536 857 3586 erat

60 3621 179 3680 uirtutis.
202 3622 253 3677 Per
276 3636 336 3694 quae
360 3619 488 3692 peccasti,
513 3636 562 3692 per
589 3622 647 3677 baec
675 3618 856 3694 torqueberis.

60 3712 181 3771 Secutus
203 3726 234 3768 es
254 3726 376 3778 carnem,
398 3710 578 3784 llagellaberis
593 3710 622 3766 in
641 3725 732 3766 carne.
748 3708 857 3766 Crimen

59 3817 117 3860 uon
136 3809 180 3860 est
195 3801 223 3856 in
237 3800 326 3866 rebus,
341 3800 389 3856 sed
411 3799 439 3855 in
466 3815 518 3856 usu
533 3799 650 3875 agentis.
679 3799 758 3870 Saepe
792 3815 857 3872 pro-

60 3891 117 3948 lixa
143 3891 236 3958 lectio,
250 3888 430 3964 longitudinis
444 3904 524 3946 causa
550 3890 709 3947 memoriam
737 3887 855 3962 legentis

61 3981 212 4039 oblitterat.

974 3521 1048 3579 Unde
1057 3523 1181 3594 superbit
1190 3521 1282 3590 bomo,
1297 3526 1380 3597 cujus
1394 3525 1538 3596 conceptio
1554 3526 1650 3597 eulpa,

1007 3611 1090 3667 Nesei
1098 3628 1194 3685 poenc,
1212 3612 1289 3672 labor
1304 3614 1375 3682 vite,
1386 3612 1599 3671 necessemori?

910 3696 1025 3768 Qtrando
1038 3702 1081 3760 vel
1093 3704 1240 3776 quomodo,
1257 3705 1299 3761 ret
1313 3704 1370 3771 ubi,
1386 3702 1514 3762 nescire?

1187 3794 1300 3851 carot
1322 3793 1428 3850 XXIX.

910 3879 949 3935 lle
975 3878 1065 3937 cordis
1092 3882 1279 3941 instabilitate
1309 3883 1447 3954 consessio
1478 3881 1645 3957 penitentis
1675 3884 1705 3938 et

1088 3975 1229 4046 responsio
1246 3976 1339 4048 patris
1358 3974 1529 4046 spiritualis.

97 4074 144 4128 59.
173 4071 244 4128 Sunt
257 4067 367 4143 quidam
391 4083 457 4126 voce
476 4067 609 4135 dissoluti,
635 4069 681 4141 qui
703 4068 778 4128 noeis
800 4083 858 4126 sum
946 4059 991 4114 62.
1021 4058 1101 4118 Solus
1122 4063 1294 4120 solitudinem
1315 4063 1405 4121 cordis
1421 4062 1473 4120 snei
1500 4061 1647 4135 ingredior,
1673 4067 1701 4117 et

60 4160 250 4219 modulatione
272 4158 421 4230 gloriantur
445 4177 453 4214 ι
475 4173 526 4216 nec
545 4166 649 4215 tantum
674 4158 794 4233 gaudent
821 4158 855 4216 ds
872 4167 895 4245 n
911 4158 1061 4218 cumcorde
1075 4169 1136 4211 rneo
1155 4153 1288 4226 paulisper
1309 4151 1476 4220 confabulor,
1493 4152 1526 4207 ab
1549 4152 1611 4224 ipso
1634 4165 1709 4223 quae·

59 4250 253 4324 donogratiae,
269 4247 413 4307 sedetiam
440 4246 506 4306 alios
533 4256 675 4321 spernunt.
704 4248 852 4305 Tumentes
911 4248 1021 4309 rensde
1049 4247 1108 4317 ipso
1123 4250 1150 4299 et
1162 4241 1197 4298 de
1207 4241 1250 4298 his
1270 4257 1331 4313 quae
1346 4241 1418 4298 circa
1431 4240 1522 4312 ipsum
1547 4247 1621 4295 sunt.
1654 4239 1710 4294 Cor

60 4341 191 4406 elatione,
205 4339 279 4396 aliud
307 4347 417 4397 cautam
438 4354 518 4412 qnam
542 4338 604 4394 libri
618 4340 754 4395 habeant:
785 4344 858 4395 tanta
911 4355 1012 4405 meum,
1026 4350 1073 4394 cor
1100 4347 1221 4404 praaurn,
1237 4346 1334 4388 nanum
1359 4337 1386 4384 ει
1404 4345 1513 4404 vagum,
1529 4326 1602 4384 omni
1628 4326 1710 4383 nolu·

60 4440 103 4488 est
116 4430 216 4487 levitas
228 4428 303 4488 uocis
316 4428 430 4486 forsitan
451 4439 478 4486 et
492 4428 598 4485 mentis.
615 4427 729 4485 Cantent
753 4434 783 4483 nt
795 4427 857 4500 pla·
911 4428 1014 4485 bilitatc
1029 4420 1194 4481 volubilius:
1210 4419 1244 4476 de
1268 4433 1323 4474 uno
1341 4417 1370 4474 in
1388 4415 1461 4483 aliud
1489 4430 1561 4488 vago
1599 4413 1709 4470 incessu

60 4525 141 4579 ceant
155 4519 265 4592 populo,
282 4519 371 4593 magis
383 4534 464 4591 quarn
479 4519 548 4575 Deo.
564 4517 641 4575 Sisie
659 4522 763 4583 cauus,
779 4524 810 4573 ut
824 4516 858 4572 ab
912 4517 1017 4584 transit,
1033 4525 1156 4585 quaerens
1178 4507 1300 4578 requiem
1320 4506 1365 4561 ubi
1378 4521 1432 4561 non
1456 4512 1506 4560 est.
1536 4504 1565 4558 lu
1585 4501 1712 4558 omnibus

61 4610 123 4667 aliis
152 4606 261 4663 laudern
281 4623 403 4681 queres,
428 4623 524 4666 vocem
542 4613 614 4662 tuam
629 4605 734 4678 vendis,
749 4613 776 4662 et
789 4602 856 4663 lacis

61 4716 126 4759 eam
136 4713 194 4756 non
210 4705 292 4768 tuam,
307 4699 356 4757 sed
372 4714 461 4754 suani.
473 4696 596 4754 Hebesiu
615 4698 750 4769 potestate
764 4709 859 4753 vocem

61 4798 148 4858 tuam,
168 4788 268 4846 habeto
282 4795 310 4846 et
332 4788 460 4845 animum.
496 4786 610 4859 Frangis
637 4801 742 4853 vocem,
764 4784 859 4860 irauge

61 4890 89 4938 et
111 4880 288 4937 voluntatem.
304 4879 402 4937 Sernes
427 4877 630 4935 consonantiam
649 4892 756 4946 vocum,
783 4891 860 4932 serva

61 4982 88 5029 et
101 4969 276 5028 concordiam
290 4982 412 5038 morum3
438 4976 467 5024 ut
481 4984 530 5041 per
544 4966 696 5038 exemplum
709 4965 861 5024 concordes

61 5060 197 5134 proximo,
239 5074 287 5130 per
314 5058 479 5116 uoluntatem
505 5058 572 5122 Deo,
598 5072 647 5128 per
679 5055 861 5113 obedientiam

60 5149 299 5224 magistro.·Cave
313 5163 359 5215 ue,
377 5148 447 5204 sicut
461 5145 603 5204 delectaris
618 5144 759 5202 altitudine
773 5144 859 5212 uocis,

60 5238 210 5301 delecteris
232 5237 348 5294 elatione
362 5236 473 5293 mentis.
488 5235 543 5293 Nec
565 5234 641 5292 diuiti
656 5237 754 5290 obsunt
780 5249 857 5306 opes,

59 5329 221 5390 aieisbcne
237 5334 349 5386 utatur:
366 5343 415 5385 nec
434 5342 580 5401 pauperem
598 5335 706 5399 egestas
724 5339 861 5381 commcn-

58 5420 182 5478 dabilem
196 5418 272 5490 iacit,
290 5419 314 5476 si
340 5417 410 5476 inter
423 5417 543 5490 inopiam
557 5415 652 5475 sordes
675 5415 778 5487 peccati
806 5429 861 5471 non

57 5517 167 5573 masat.

913 4607 985 4664 enirn
999 4617 1060 4676 quae
1074 4599 1208 4664 videntur,
1231 4595 1351 4667 requiem
1365 4592 1491 4662 qnaesivi,
1508 4599 1535 4648 et
1550 4606 1641 4648 acram
1665 4606 1709 4647 re-
1797 4643 1804 4653 ,

913 4695 1003 4770 quiem
1018 4691 1045 4745 in
1060 4688 1100 4745 eis
1116 4685 1237 4746 invenire
1256 4698 1309 4740 non
1324 4681 1410 4756 potui.
1426 4680 1531 4738 Deinde
1551 4679 1661 4738 rediens
1675 4679 1711 4736 ad

913 4801 968 4851 me,
989 4778 1137 4838 consistere
1151 4775 1182 4832 in
1195 4791 1239 4831 rna
1252 4775 1313 4846 ipso
1337 4790 1393 4830 non
1415 4787 1527 4844 possum
1553 4770 1707 4844 :quoniam

914 4890 991 4931 mens
1000 4885 1059 4928 mea
1073 4867 1151 4926 valde
1160 4865 1237 4938 ieris,
1252 4865 1422 4936 multumque
1431 4861 1576 4928 instabilis,
1595 4876 1664 4935 vaga
1682 4866 1711 4918 et
1818 4860 1824 4868 ’

914 4962 1041 5036 profuga,
1056 4959 1156 5031 ubique
1178 4970 1207 5012 se
1225 4953 1327 5020 variat,
1343 4952 1464 5026 undique
1482 4949 1612 5016 fluctuat,
1642 4945 1707 5019 qnia

913 5053 970 5112 vult
984 5057 1010 5107 et
1025 5065 1079 5108 uon
1110 5047 1167 5106 uult
1190 5043 1275 5119 pigra,
1292 5043 1403 5101 consilia
1433 5046 1539 5108 mutat,
1561 5041 1711 5097 voluntates

914 5143 1038 5208 alternat,
1061 5137 1157 5194 similis
1175 5135 1238 5191 lolio
1255 5132 1358 5206 quoda
1376 5138 1457 5187 vento
1470 5135 1593 5183 mouetur
1612 5134 1640 5182 et
1656 5125 1712 5181 cir-

914 5232 1070 5290 cumfertur.
1086 5228 1150 5283 Inde
1170 5232 1212 5281 est
1231 5224 1303 5294 quod
1317 5218 1495 5291 cogitationes
1508 5231 1576 5272 meae
1590 5230 1667 5272 ranae
1687 5221 1715 5271 ει

916 5322 1075 5393 importunae
1089 5331 1133 5372 me
1161 5314 1282 5376 trahunt,
1298 5316 1325 5366 et
1345 5308 1447 5366 ducunt
1461 5306 1543 5363 modo
1558 5307 1591 5363 ad
1605 5306 1712 5373 lorum,

915 5412 996 5469 modo
1010 5408 1043 5465 ad
1052 5405 1138 5478 litigia
1153 5399 1350 5469 altercantium,
1372 5411 1446 5454 nnnc
1458 5395 1493 5452 ad
1506 5395 1629 5455 convivia
1644 5394 1711 5471 pin·

915 5500 1023 5575 gaium,
1035 5510 1108 5554 nunc
1126 5493 1162 5550 ed
1178 5488 1316 5563 immunda
1328 5486 1480 5563 libidinum.
1504 5485 1584 5549 blodo
1598 5484 1707 5581 sordida
