<?xml version="1.0" encoding="UTF-8"?>
<!DOCTYPE html PUBLIC "-//W3C//DTD XHTML 1.0 Transitional//EN"
    "http://www.w3.org/TR/xhtml1/DTD/xhtml1-transitional.dtd">
<html xmlns="http://www.w3.org/1999/xhtml" xml:lang="en" lang="en">
 <head>
  <title>
</title>
<meta http-equiv="Content-Type" content="text/html;charset=utf-8" />
  <meta name='ocr-system' content='tesseract 3.04.00' />
  <meta name='ocr-capabilities' content='ocr_page ocr_carea ocr_par ocr_line ocrx_word'/>
</head>
<body>
  <div class='ocr_page' id='page_1' title='image "./patrologiaecurs00unkngoog/patrologiaecurs00unkngoog_0193.png"; bbox 0 0 3706 5962; ppageno 0'>
   <div class='ocr_carea' id='block_1_1' title="bbox 62 184 120 238">
    <p class='ocr_par' dir='ltr' id='par_1_1' title="bbox 62 184 120 238">
     <span class='ocr_line' id='line_1_1' title="bbox 62 184 120 238; baseline 0 0"><span class='ocrx_word' id='word_1_1' title='bbox 62 184 120 238; x_wconf 73' lang='lat' dir='ltr'><strong>m</strong></span> 
     </span>
    </p>
   </div>
   <div class='ocr_carea' id='block_1_2' title="bbox 59 301 870 1607">
    <p class='ocr_par' dir='ltr' id='par_1_2' title="bbox 62 301 870 552">
     <span class='ocr_line' id='line_1_2' title="bbox 379 301 544 361; baseline -0.012 -3"><span class='ocrx_word' id='word_1_2' title='bbox 379 301 494 361; x_wconf 75' lang='lat' dir='ltr'>CAPUT</span> <span class='ocrx_word' id='word_1_3' title='bbox 512 301 544 357; x_wconf 85' lang='lat' dir='ltr'><strong>V.</strong></span> 
     </span>
     <span class='ocr_line' id='line_1_3' title="bbox 62 407 870 486; baseline -0.005 -16"><span class='ocrx_word' id='word_1_4' title='bbox 62 414 161 486; x_wconf 77' lang='lat' dir='ltr'><strong>Sapra</strong></span> <span class='ocrx_word' id='word_1_5' title='bbox 174 412 261 470; x_wconf 64' lang='lat' dir='ltr'><strong>mom</strong></span> <span class='ocrx_word' id='word_1_6' title='bbox 272 407 350 466; x_wconf 71' lang='lat' dir='ltr'><strong>ellit</strong></span> <span class='ocrx_word' id='word_1_7' title='bbox 359 407 525 474; x_wconf 85' lang='lat' dir='ltr'><strong>amandum,</strong></span> <span class='ocrx_word' id='word_1_8' title='bbox 540 411 619 466; x_wconf 71' lang='lat' dir='ltr'><strong>cultro</strong></span> <span class='ocrx_word' id='word_1_9' title='bbox 634 425 716 483; x_wconf 84' lang='lat' dir='ltr'><strong>quem</strong></span> <span class='ocrx_word' id='word_1_10' title='bbox 730 411 806 466; x_wconf 84' lang='lat' dir='ltr'><strong>nibil</strong></span> <span class='ocrx_word' id='word_1_11' title='bbox 820 427 870 482; x_wconf 88' lang='lat' dir='ltr'><strong>op-</strong></span> 
     </span>
     <span class='ocr_line' id='line_1_4' title="bbox 379 481 559 552; baseline 0 -17"><span class='ocrx_word' id='word_1_12' title='bbox 379 481 438 552; x_wconf 86' lang='lat' dir='ltr'><strong>peti</strong></span> <span class='ocrx_word' id='word_1_13' title='bbox 458 484 559 552; x_wconf 84' lang='lat' dir='ltr'><strong>potest.</strong></span> 
     </span>
    </p>

    <p class='ocr_par' dir='ltr' id='par_1_3' title="bbox 59 569 869 1607">
     <span class='ocr_line' id='line_1_5' title="bbox 100 569 869 641; baseline -0.004 -13"><span class='ocrx_word' id='word_1_14' title='bbox 100 577 144 627; x_wconf 89' lang='lat' dir='ltr'><strong>ll.</strong></span> <span class='ocrx_word' id='word_1_15' title='bbox 165 570 190 628; x_wconf 91' lang='lat'>0</span> <span class='ocrx_word' id='word_1_16' title='bbox 215 585 303 634; x_wconf 82' lang='lat' dir='ltr'><strong>antor,</strong></span> <span class='ocrx_word' id='word_1_17' title='bbox 326 569 391 624; x_wconf 80' lang='lat' dir='ltr'><strong>neni</strong></span> <span class='ocrx_word' id='word_1_18' title='bbox 413 569 440 623; x_wconf 93' lang='lat' dir='ltr'><strong>in</strong></span> <span class='ocrx_word' id='word_1_19' title='bbox 465 584 533 639; x_wconf 70' lang='lat' dir='ltr'><strong>nos,</strong></span> <span class='ocrx_word' id='word_1_20' title='bbox 556 569 666 641; x_wconf 83' lang='lat' dir='ltr'><strong>posside</strong></span> <span class='ocrx_word' id='word_1_21' title='bbox 689 585 748 625; x_wconf 90' lang='lat' dir='ltr'><strong>nos.</strong></span> <span class='ocrx_word' id='word_1_22' title='bbox 769 569 869 640; x_wconf 90' lang='lat' dir='ltr'><strong>Dispe-</strong></span> 
     </span>
     <span class='ocr_line' id='line_1_6' title="bbox 63 657 867 723; baseline -0.007 -6"><span class='ocrx_word' id='word_1_23' title='bbox 63 668 141 717; x_wconf 78' lang='lat' dir='ltr'><strong>reant</strong></span> <span class='ocrx_word' id='word_1_24' title='bbox 155 675 172 715; x_wconf 89' lang='lat' dir='ltr'><strong>a</strong></span> <span class='ocrx_word' id='word_1_25' title='bbox 186 658 256 716; x_wconf 78' lang='lat' dir='ltr'><strong>facia</strong></span> <span class='ocrx_word' id='word_1_26' title='bbox 282 667 329 714; x_wconf 88' lang='lat' dir='ltr'><strong>tna</strong></span> <span class='ocrx_word' id='word_1_27' title='bbox 343 657 371 711; x_wconf 91' lang='lat' dir='ltr'><strong>in</strong></span> <span class='ocrx_word' id='word_1_28' title='bbox 386 657 465 712; x_wconf 88' lang='lat' dir='ltr'><strong>nobis</strong></span> <span class='ocrx_word' id='word_1_29' title='bbox 490 657 583 713; x_wconf 90' lang='lat' dir='ltr'><strong>ornnia</strong></span> <span class='ocrx_word' id='word_1_30' title='bbox 597 658 727 714; x_wconf 87' lang='lat' dir='ltr'><strong>loeditatis</strong></span> <span class='ocrx_word' id='word_1_31' title='bbox 747 659 867 723; x_wconf 86' lang='lat' dir='ltr'><strong>nomina,</strong></span> 
     </span>
     <span class='ocr_line' id='line_1_7' title="bbox 64 745 869 822; baseline -0.002 -19"><span class='ocrx_word' id='word_1_32' title='bbox 64 766 123 822; x_wconf 63' lang='grc' dir='ltr'>φιτ</span> <span class='ocrx_word' id='word_1_33' title='bbox 137 764 156 803; x_wconf 89' lang='lat' dir='ltr'><strong>a</strong></span> <span class='ocrx_word' id='word_1_34' title='bbox 168 745 393 818; x_wconf 84' lang='lat' dir='ltr'><strong>concupiscentia</strong></span> <span class='ocrx_word' id='word_1_35' title='bbox 417 747 510 801; x_wconf 86' lang='lat' dir='ltr'><strong>carnis</strong></span> <span class='ocrx_word' id='word_1_36' title='bbox 524 754 552 803; x_wconf 91' lang='lat' dir='ltr'><strong>et</strong></span> <span class='ocrx_word' id='word_1_37' title='bbox 575 746 715 803; x_wconf 90' lang='lat' dir='ltr'><strong>oculorum</strong></span> <span class='ocrx_word' id='word_1_38' title='bbox 731 756 759 803; x_wconf 90' lang='lat' dir='ltr'><strong>et</strong></span> <span class='ocrx_word' id='word_1_39' title='bbox 778 762 869 817; x_wconf 89' lang='lat' dir='ltr'><strong>super-</strong></span> 
     </span>
     <span class='ocr_line' id='line_1_8' title="bbox 62 835 869 910; baseline -0.004 -18"><span class='ocrx_word' id='word_1_40' title='bbox 62 839 104 893; x_wconf 85' lang='lat' dir='ltr'><strong>bia</strong></span> <span class='ocrx_word' id='word_1_41' title='bbox 133 837 200 894; x_wconf 77' lang='lat' dir='ltr'><strong>ritas</strong></span> <span class='ocrx_word' id='word_1_42' title='bbox 225 837 289 892; x_wconf 87' lang='lat' dir='ltr'><strong>huie</strong></span> <span class='ocrx_word' id='word_1_43' title='bbox 314 835 493 890; x_wconf 88' lang='lat' dir='ltr'><strong>innascuntur</strong></span> <span class='ocrx_word' id='word_1_44' title='bbox 526 835 647 898; x_wconf 80' lang='lat' dir='ltr'><strong>aflectui,</strong></span> <span class='ocrx_word' id='word_1_45' title='bbox 677 836 753 910; x_wconf 85' lang='lat' dir='ltr'><strong>quasi</strong></span> <span class='ocrx_word' id='word_1_46' title='bbox 778 835 869 906; x_wconf 88' lang='lat' dir='ltr'><strong>spuria</strong></span> 
     </span>
     <span class='ocr_line' id='line_1_9' title="bbox 63 922 869 1000; baseline -0.005 -19"><span class='ocrx_word' id='word_1_47' title='bbox 63 927 192 1000; x_wconf 73' lang='lat' dir='ltr'><strong>quiedam</strong></span> <span class='ocrx_word' id='word_1_48' title='bbox 218 924 393 981; x_wconf 78' lang='lat' dir='ltr'><strong>vitulamina:</strong></span> <span class='ocrx_word' id='word_1_49' title='bbox 420 922 540 988; x_wconf 82' lang='lat' dir='ltr'><strong>aflectui,</strong></span> <span class='ocrx_word' id='word_1_50' title='bbox 565 925 686 997; x_wconf 87' lang='lat' dir='ltr'><strong>inquam,</strong></span> <span class='ocrx_word' id='word_1_51' title='bbox 716 925 760 996; x_wconf 91' lang='lat' dir='ltr'><strong>qui</strong></span> <span class='ocrx_word' id='word_1_52' title='bbox 793 938 869 978; x_wconf 87' lang='lat' dir='ltr'><strong>amor</strong></span> 
     </span>
     <span class='ocr_line' id='line_1_10' title="bbox 62 1012 868 1083; baseline -0.002 -14"><span class='ocrx_word' id='word_1_53' title='bbox 62 1018 87 1071; x_wconf 92' lang='lat' dir='ltr'><strong>in</strong></span> <span class='ocrx_word' id='word_1_54' title='bbox 101 1014 187 1071; x_wconf 88' lang='lat' dir='ltr'><strong>nobis</strong></span> <span class='ocrx_word' id='word_1_55' title='bbox 202 1015 309 1077; x_wconf 89' lang='lat' dir='ltr'><strong>dicitnr,</strong></span> <span class='ocrx_word' id='word_1_56' title='bbox 328 1023 355 1069; x_wconf 90' lang='lat' dir='ltr'><strong>et</strong></span> <span class='ocrx_word' id='word_1_57' title='bbox 377 1013 559 1082; x_wconf 80' lang='lat' dir='ltr'><strong>corrumpitur</strong></span> <span class='ocrx_word' id='word_1_58' title='bbox 575 1014 674 1083; x_wconf 83' lang='lat' dir='ltr'><strong>saepius</strong></span> <span class='ocrx_word' id='word_1_59' title='bbox 694 1013 795 1070; x_wconf 86' lang='lat' dir='ltr'><strong>morbis</strong></span> <span class='ocrx_word' id='word_1_60' title='bbox 809 1012 868 1068; x_wconf 89' lang='lat' dir='ltr'><strong>ani-</strong></span> 
     </span>
     <span class='ocr_line' id='line_1_11' title="bbox 61 1102 869 1166; baseline -0.006 -6"><span class='ocrx_word' id='word_1_61' title='bbox 61 1122 111 1160; x_wconf 77' lang='lat' dir='ltr'><strong>mae</strong></span> <span class='ocrx_word' id='word_1_62' title='bbox 125 1120 144 1159; x_wconf 81' lang='lat' dir='ltr'><strong>a</strong></span> <span class='ocrx_word' id='word_1_63' title='bbox 162 1112 188 1160; x_wconf 85' lang='lat' dir='ltr'><strong>te</strong></span> <span class='ocrx_word' id='word_1_64' title='bbox 203 1103 280 1159; x_wconf 91' lang='lat' dir='ltr'><strong>etad</strong></span> <span class='ocrx_word' id='word_1_65' title='bbox 297 1112 323 1158; x_wconf 89' lang='lat' dir='ltr'><strong>te</strong></span> <span class='ocrx_word' id='word_1_66' title='bbox 336 1109 436 1158; x_wconf 77' lang='lat' dir='ltr'><strong>creatae</strong></span> <span class='ocrx_word' id='word_1_67' title='bbox 446 1119 454 1166; x_wconf 89' lang='lat'>;</span> <span class='ocrx_word' id='word_1_68' title='bbox 464 1102 498 1154; x_wconf 87' lang='lat' dir='ltr'><strong>ad</strong></span> <span class='ocrx_word' id='word_1_69' title='bbox 514 1111 540 1157; x_wconf 91' lang='lat' dir='ltr'><strong>te</strong></span> <span class='ocrx_word' id='word_1_70' title='bbox 550 1103 635 1158; x_wconf 87' lang='lat' dir='ltr'><strong>solnm</strong></span> <span class='ocrx_word' id='word_1_71' title='bbox 646 1111 814 1162; x_wconf 74' lang='lat' dir='ltr'><strong>concreatus.</strong></span> <span class='ocrx_word' id='word_1_72' title='bbox 840 1109 869 1157; x_wconf 91' lang='lat' dir='ltr'><strong>et</strong></span> 
     </span>
     <span class='ocr_line' id='line_1_12' title="bbox 59 1191 867 1262; baseline -0.004 -13"><span class='ocrx_word' id='word_1_73' title='bbox 59 1201 219 1258; x_wconf 82' lang='lat' dir='ltr'><strong>eoncretns,</strong></span> <span class='ocrx_word' id='word_1_74' title='bbox 240 1200 269 1248; x_wconf 89' lang='lat' dir='ltr'><strong>et</strong></span> <span class='ocrx_word' id='word_1_75' title='bbox 283 1192 420 1248; x_wconf 83' lang='lat' dir='ltr'><strong>reluctans</strong></span> <span class='ocrx_word' id='word_1_76' title='bbox 436 1200 529 1248; x_wconf 89' lang='lat' dir='ltr'><strong>noster</strong></span> <span class='ocrx_word' id='word_1_77' title='bbox 546 1191 660 1248; x_wconf 83' lang='lat' dir='ltr'><strong>allectus</strong></span> <span class='ocrx_word' id='word_1_78' title='bbox 673 1191 728 1262; x_wconf 80' lang='lat' dir='ltr'><strong>legi</strong></span> <span class='ocrx_word' id='word_1_79' title='bbox 749 1191 867 1246; x_wconf 87' lang='lat' dir='ltr'><strong>naturali</strong></span> 
     </span>
     <span class='ocr_line' id='line_1_13' title="bbox 60 1279 864 1352; baseline -0.005 -14"><span class='ocrx_word' id='word_1_80' title='bbox 60 1293 85 1338; x_wconf 87' lang='lat' dir='ltr'><strong>et</strong></span> <span class='ocrx_word' id='word_1_81' title='bbox 102 1283 268 1348; x_wconf 73' lang='lat' dir='ltr'><strong>reclamans,</strong></span> <span class='ocrx_word' id='word_1_82' title='bbox 288 1280 395 1352; x_wconf 78' lang='lat' dir='ltr'><strong>cogitur</strong></span> <span class='ocrx_word' id='word_1_83' title='bbox 417 1281 507 1336; x_wconf 83' lang='lat' dir='ltr'><strong>vocari</strong></span> <span class='ocrx_word' id='word_1_84' title='bbox 522 1282 594 1352; x_wconf 80' lang='lat' dir='ltr'><strong>gula,</strong></span> <span class='ocrx_word' id='word_1_85' title='bbox 610 1281 723 1349; x_wconf 85' lang='lat' dir='ltr'><strong>luxuria,</strong></span> <span class='ocrx_word' id='word_1_86' title='bbox 744 1279 864 1345; x_wconf 82' lang='lat' dir='ltr'><strong>avaritia,</strong></span> 
     </span>
     <span class='ocr_line' id='line_1_14' title="bbox 60 1369 867 1441; baseline -0.006 -14"><span class='ocrx_word' id='word_1_87' title='bbox 60 1381 87 1427; x_wconf 88' lang='lat' dir='ltr'><strong>et</strong></span> <span class='ocrx_word' id='word_1_88' title='bbox 101 1370 270 1435; x_wconf 72' lang='lat' dir='ltr'><strong>Dissimilia,</strong></span> <span class='ocrx_word' id='word_1_89' title='bbox 291 1369 338 1441; x_wconf 88' lang='lat' dir='ltr'><strong>qui</strong></span> <span class='ocrx_word' id='word_1_90' title='bbox 354 1369 527 1439; x_wconf 85' lang='lat' dir='ltr'><strong>incorruptus</strong></span> <span class='ocrx_word' id='word_1_91' title='bbox 542 1377 570 1424; x_wconf 91' lang='lat' dir='ltr'><strong>et</strong></span> <span class='ocrx_word' id='word_1_92' title='bbox 590 1369 616 1424; x_wconf 90' lang='lat' dir='ltr'><strong>in</strong></span> <span class='ocrx_word' id='word_1_93' title='bbox 640 1385 689 1424; x_wconf 89' lang='lat' dir='ltr'><strong>sua</strong></span> <span class='ocrx_word' id='word_1_94' title='bbox 703 1384 867 1440; x_wconf 88' lang='lat' dir='ltr'><strong>permanens</strong></span> 
     </span>
     <span class='ocr_line' id='line_1_15' title="bbox 61 1456 865 1522; baseline -0.004 -7"><span class='ocrx_word' id='word_1_95' title='bbox 61 1467 161 1515; x_wconf 80' lang='lat' dir='ltr'><strong>natura</strong></span> <span class='ocrx_word' id='word_1_96' title='bbox 174 1458 210 1514; x_wconf 86' lang='lat' dir='ltr'><strong>ad</strong></span> <span class='ocrx_word' id='word_1_97' title='bbox 225 1464 252 1514; x_wconf 89' lang='lat' dir='ltr'><strong>te</strong></span> <span class='ocrx_word' id='word_1_98' title='bbox 273 1458 362 1514; x_wconf 89' lang='lat' dir='ltr'><strong>solum</strong></span> <span class='ocrx_word' id='word_1_99' title='bbox 377 1463 430 1522; x_wconf 92' lang='lat' dir='ltr'><strong>est,</strong></span> <span class='ocrx_word' id='word_1_100' title='bbox 451 1457 576 1521; x_wconf 90' lang='lat' dir='ltr'><strong>Domine,</strong></span> <span class='ocrx_word' id='word_1_101' title='bbox 593 1458 635 1513; x_wconf 90' lang='lat' dir='ltr'><strong>cui</strong></span> <span class='ocrx_word' id='word_1_102' title='bbox 650 1456 700 1512; x_wconf 91' lang='lat' dir='ltr'><strong>soli</strong></span> <span class='ocrx_word' id='word_1_103' title='bbox 720 1471 797 1512; x_wconf 89' lang='lat' dir='ltr'><strong>arnor</strong></span> <span class='ocrx_word' id='word_1_104' title='bbox 815 1457 865 1512; x_wconf 89' lang='lat' dir='ltr'><strong>de·</strong></span> 
     </span>
     <span class='ocr_line' id='line_1_16' title="bbox 60 1545 866 1607; baseline -0.005 -3"><span class='ocrx_word' id='word_1_105' title='bbox 60 1550 154 1605; x_wconf 88' lang='lat' dir='ltr'><strong>betnr.</strong></span> <span class='ocrx_word' id='word_1_106' title='bbox 169 1547 219 1602; x_wconf 81' lang='lat' dir='ltr'><strong>Est</strong></span> <span class='ocrx_word' id='word_1_107' title='bbox 245 1545 319 1602; x_wconf 89' lang='lat' dir='ltr'><strong>enim</strong></span> <span class='ocrx_word' id='word_1_108' title='bbox 333 1545 431 1602; x_wconf 83' lang='lat' dir='ltr'><strong>animae</strong></span> <span class='ocrx_word' id='word_1_109' title='bbox 447 1546 584 1602; x_wconf 86' lang='lat' dir='ltr'><strong>rationalis</strong></span> <span class='ocrx_word' id='word_1_110' title='bbox 608 1562 694 1607; x_wconf 85' lang='lat' dir='ltr'><strong>arnor,</strong></span> <span class='ocrx_word' id='word_1_111' title='bbox 716 1546 786 1602; x_wconf 88' lang='lat' dir='ltr'><strong>sicut</strong></span> <span class='ocrx_word' id='word_1_112' title='bbox 800 1545 866 1600; x_wconf 84' lang='lat' dir='ltr'><strong>dixit</strong></span> 
     </span>
    </p>
   </div>
   <div class='ocr_carea' id='block_1_3' title="bbox 629 173 1164 242">
    <p class='ocr_par' dir='ltr' id='par_1_4' title="bbox 629 173 1164 242">
     <span class='ocr_line' id='line_1_17' title="bbox 629 173 1164 242; baseline 0.015 -8"><span class='ocrx_word' id='word_1_113' title='bbox 629 174 724 235; x_wconf 75' lang='lat' dir='ltr'><strong>ttulit</strong></span> <span class='ocrx_word' id='word_1_114' title='bbox 744 175 787 235; x_wconf 80' lang='lat' dir='ltr'><strong>DE</strong></span> <span class='ocrx_word' id='word_1_115' title='bbox 805 173 1065 239; x_wconf 73' lang='lat' dir='ltr'><strong>manuductum</strong></span> <span class='ocrx_word' id='word_1_116' title='bbox 1083 181 1164 242; x_wconf 81' lang='lat' dir='ltr'><strong>DEO.</strong></span> 
     </span>
    </p>
   </div>
   <div class='ocr_carea' id='block_1_4' title="bbox 1666 34 1838 51">
    <p class='ocr_par' dir='ltr' id='par_1_5' title="bbox 1666 34 1838 51">
     <span class='ocr_line' id='line_1_18' title="bbox 1666 34 1838 51; baseline 0.012 -2"><span class='ocrx_word' id='word_1_117' title='bbox 1666 34 1838 51; x_wconf 49' lang='lat' dir='ltr'><strong>“w</strong></span> 
     </span>
    </p>
   </div>
   <div class='ocr_carea' id='block_1_5' title="bbox 1672 189 1726 250">
    <p class='ocr_par' dir='ltr' id='par_1_6' title="bbox 1672 189 1726 250">
     <span class='ocr_line' id='line_1_19' title="bbox 1672 189 1726 250; baseline 0.019 -2"><span class='ocrx_word' id='word_1_118' title='bbox 1672 189 1726 250; x_wconf 72' lang='lat' dir='ltr'><strong>alt</strong></span> 
     </span>
    </p>
   </div>
   <div class='ocr_carea' id='block_1_6' title="bbox 887 302 1726 917">
    <p class='ocr_par' dir='ltr' id='par_1_7' title="bbox 887 302 1726 917">
     <span class='ocr_line' id='line_1_20' title="bbox 887 302 1723 395; baseline 0.016 -37"><span class='ocrx_word' id='word_1_119' title='bbox 887 302 997 395; x_wconf 54' lang='lat' dir='ltr'><strong>flenti,</strong></span> <span class='ocrx_word' id='word_1_120' title='bbox 1021 322 1081 362; x_wconf 90' lang='lat' dir='ltr'><strong>esse</strong></span> <span class='ocrx_word' id='word_1_121' title='bbox 1105 324 1159 364; x_wconf 91' lang='lat' dir='ltr'><strong>non</strong></span> <span class='ocrx_word' id='word_1_122' title='bbox 1182 315 1338 380; x_wconf 79' lang='lat' dir='ltr'><strong>poteramus</strong></span> <span class='ocrx_word' id='word_1_123' title='bbox 1361 306 1412 360; x_wconf 93' lang='lat' dir='ltr'><strong>nisi</strong></span> <span class='ocrx_word' id='word_1_124' title='bbox 1430 310 1545 366; x_wconf 87' lang='lat' dir='ltr'><strong>amando</strong></span> <span class='ocrx_word' id='word_1_125' title='bbox 1573 320 1610 373; x_wconf 88' lang='lat' dir='ltr'><strong>te.</strong></span> <span class='ocrx_word' id='word_1_126' title='bbox 1641 315 1723 375; x_wconf 87' lang='lat' dir='ltr'><strong>ideo-</strong></span> 
     </span>
     <span class='ocr_line' id='line_1_21' title="bbox 926 394 1724 467; baseline 0.02 -20"><span class='ocrx_word' id='word_1_127' title='bbox 926 410 979 463; x_wconf 89' lang='lat' dir='ltr'><strong>que</strong></span> <span class='ocrx_word' id='word_1_128' title='bbox 994 394 1164 452; x_wconf 84' lang='lat' dir='ltr'><strong>multifariam</strong></span> <span class='ocrx_word' id='word_1_129' title='bbox 1179 396 1326 467; x_wconf 88' lang='lat' dir='ltr'><strong>multisque</strong></span> <span class='ocrx_word' id='word_1_130' title='bbox 1340 394 1429 449; x_wconf 87' lang='lat' dir='ltr'><strong>modis</strong></span> <span class='ocrx_word' id='word_1_131' title='bbox 1448 397 1510 452; x_wconf 91' lang='lat' dir='ltr'><strong>olim</strong></span> <span class='ocrx_word' id='word_1_132' title='bbox 1526 401 1600 458; x_wconf 91' lang='lat' dir='ltr'><strong>Deus</strong></span> <span class='ocrx_word' id='word_1_133' title='bbox 1618 404 1724 462; x_wconf 81' lang='lat' dir='ltr'><strong>locutus</strong></span> 
     </span>
     <span class='ocr_line' id='line_1_22' title="bbox 925 482 1723 556; baseline 0.023 -21"><span class='ocrx_word' id='word_1_134' title='bbox 925 482 1046 552; x_wconf 88' lang='lat' dir='ltr'><strong>patribus</strong></span> <span class='ocrx_word' id='word_1_135' title='bbox 1061 485 1087 539; x_wconf 94' lang='lat' dir='ltr'><strong>in</strong></span> <span class='ocrx_word' id='word_1_136' title='bbox 1104 486 1256 556; x_wconf 86' lang='lat' dir='ltr'><strong>Prophetis,</strong></span> <span class='ocrx_word' id='word_1_137' title='bbox 1273 484 1418 540; x_wconf 88' lang='lat' dir='ltr'><strong>novissime</strong></span> <span class='ocrx_word' id='word_1_138' title='bbox 1434 485 1530 542; x_wconf 90' lang='lat' dir='ltr'><strong>diebus</strong></span> <span class='ocrx_word' id='word_1_139' title='bbox 1544 490 1603 546; x_wconf 90' lang='lat' dir='ltr'><strong>istis</strong></span> <span class='ocrx_word' id='word_1_140' title='bbox 1617 493 1723 553; x_wconf 80' lang='lat' dir='ltr'><strong>locutus</strong></span> 
     </span>
     <span class='ocr_line' id='line_1_23' title="bbox 925 572 1723 652; baseline 0.018 -28"><span class='ocrx_word' id='word_1_141' title='bbox 925 580 966 625; x_wconf 89' lang='lat' dir='ltr'><strong>est</strong></span> <span class='ocrx_word' id='word_1_142' title='bbox 976 572 1054 627; x_wconf 90' lang='lat' dir='ltr'><strong>uobis</strong></span> <span class='ocrx_word' id='word_1_143' title='bbox 1064 574 1091 627; x_wconf 92' lang='lat' dir='ltr'><strong>in</strong></span> <span class='ocrx_word' id='word_1_144' title='bbox 1102 574 1168 630; x_wconf 85' lang='lat' dir='ltr'><strong>Filio</strong></span> <span class='ocrx_word' id='word_1_145' title='bbox 1177 575 1269 645; x_wconf 84' lang='lat' dir='ltr'><strong>(llcdr.</strong></span> <span class='ocrx_word' id='word_1_146' title='bbox 1281 590 1301 638; x_wconf 87' lang='lat' dir='ltr'><strong>r,</strong></span> <span class='ocrx_word' id='word_1_147' title='bbox 1315 578 1340 643; x_wconf 87' lang='lat' dir='ltr'><strong>i,</strong></span> <span class='ocrx_word' id='word_1_148' title='bbox 1352 575 1390 644; x_wconf 77' lang='lat'><strong>2),</strong></span> <span class='ocrx_word' id='word_1_149' title='bbox 1400 574 1527 631; x_wconf 86' lang='lat' dir='ltr'><strong>inVerbo</strong></span> <span class='ocrx_word' id='word_1_150' title='bbox 1539 586 1584 634; x_wconf 91' lang='lat' dir='ltr'><strong>tuo</strong></span> <span class='ocrx_word' id='word_1_151' title='bbox 1594 598 1649 652; x_wconf 88' lang='lat' dir='ltr'><strong>quo</strong></span> <span class='ocrx_word' id='word_1_152' title='bbox 1659 584 1723 641; x_wconf 87' lang='lat' dir='ltr'><strong>eoeli</strong></span> 
     </span>
     <span class='ocr_line' id='line_1_24' title="bbox 924 658 1720 735; baseline 0.02 -23"><span class='ocrx_word' id='word_1_153' title='bbox 924 658 1021 716; x_wconf 82' lang='lat' dir='ltr'><strong>firmati</strong></span> <span class='ocrx_word' id='word_1_154' title='bbox 1035 671 1108 727; x_wconf 92' lang='lat' dir='ltr'><strong>aunt,</strong></span> <span class='ocrx_word' id='word_1_155' title='bbox 1125 671 1153 720; x_wconf 90' lang='lat' dir='ltr'><strong>et</strong></span> <span class='ocrx_word' id='word_1_156' title='bbox 1167 663 1264 735; x_wconf 91' lang='lat' dir='ltr'><strong>spiritu</strong></span> <span class='ocrx_word' id='word_1_157' title='bbox 1278 662 1333 718; x_wconf 91' lang='lat' dir='ltr'><strong>oris</strong></span> <span class='ocrx_word' id='word_1_158' title='bbox 1344 664 1404 731; x_wconf 88' lang='lat' dir='ltr'><strong>ejus</strong></span> <span class='ocrx_word' id='word_1_159' title='bbox 1418 665 1507 719; x_wconf 90' lang='lat' dir='ltr'><strong>omnis</strong></span> <span class='ocrx_word' id='word_1_160' title='bbox 1520 665 1606 722; x_wconf 91' lang='lat' dir='ltr'><strong>virtus</strong></span> <span class='ocrx_word' id='word_1_161' title='bbox 1616 686 1720 728; x_wconf 87' lang='lat' dir='ltr'><strong>eorum.</strong></span> 
     </span>
     <span class='ocr_line' id='line_1_25' title="bbox 924 749 1724 829; baseline 0.016 -26"><span class='ocrx_word' id='word_1_162' title='bbox 924 749 1007 820; x_wconf 89' lang='lat' dir='ltr'><strong>Loqui</strong></span> <span class='ocrx_word' id='word_1_163' title='bbox 1021 758 1096 805; x_wconf 90' lang='lat' dir='ltr'><strong>tuum</strong></span> <span class='ocrx_word' id='word_1_164' title='bbox 1106 752 1133 806; x_wconf 94' lang='lat' dir='ltr'><strong>in</strong></span> <span class='ocrx_word' id='word_1_165' title='bbox 1143 752 1211 807; x_wconf 86' lang='lat' dir='ltr'><strong>Filio</strong></span> <span class='ocrx_word' id='word_1_166' title='bbox 1228 760 1274 807; x_wconf 88' lang='lat' dir='ltr'><strong>tuo</strong></span> <span class='ocrx_word' id='word_1_167' title='bbox 1289 750 1423 806; x_wconf 86' lang='lat' dir='ltr'><strong>nonaliud</strong></span> <span class='ocrx_word' id='word_1_168' title='bbox 1439 751 1498 817; x_wconf 89' lang='lat' dir='ltr'><strong>luit,</strong></span> <span class='ocrx_word' id='word_1_169' title='bbox 1516 771 1596 826; x_wconf 88' lang='lat' dir='ltr'><strong>quarn</strong></span> <span class='ocrx_word' id='word_1_170' title='bbox 1612 759 1640 813; x_wconf 95' lang='lat' dir='ltr'><strong>in</strong></span> <span class='ocrx_word' id='word_1_171' title='bbox 1655 763 1724 829; x_wconf 90' lang='lat' dir='ltr'><strong>sole,</strong></span> 
     </span>
     <span class='ocr_line' id='line_1_26' title="bbox 923 837 1726 917; baseline 0.016 -27"><span class='ocrx_word' id='word_1_172' title='bbox 923 837 949 891; x_wconf 97' lang='lat' dir='ltr'><strong>id</strong></span> <span class='ocrx_word' id='word_1_173' title='bbox 965 847 1006 892; x_wconf 92' lang='lat' dir='ltr'><strong>est</strong></span> <span class='ocrx_word' id='word_1_174' title='bbox 1020 839 1046 894; x_wconf 91' lang='lat' dir='ltr'><strong>in</strong></span> <span class='ocrx_word' id='word_1_175' title='bbox 1063 841 1219 907; x_wconf 78' lang='lat' dir='ltr'><strong>manifesto,</strong></span> <span class='ocrx_word' id='word_1_176' title='bbox 1236 855 1341 912; x_wconf 90' lang='lat' dir='ltr'><strong>ponere</strong></span> <span class='ocrx_word' id='word_1_177' title='bbox 1357 841 1561 898; x_wconf 90' lang='lat' dir='ltr'><strong>tabernaculum</strong></span> <span class='ocrx_word' id='word_1_178' title='bbox 1580 854 1666 902; x_wconf 88' lang='lat' dir='ltr'><strong>tuum.</strong></span> <span class='ocrx_word' id='word_1_179' title='bbox 1723 910 1726 917; x_wconf 52' lang='grc'>,</span> 
     </span>
    </p>
   </div>
   <div class='ocr_carea' id='block_1_7' title="bbox 919 927 1728 1626">
    <p class='ocr_par' dir='ltr' id='par_1_8' title="bbox 919 927 1728 1626">
     <span class='ocr_line' id='line_1_27' title="bbox 960 927 1711 1009; baseline 0.02 -30"><span class='ocrx_word' id='word_1_180' title='bbox 960 930 1001 981; x_wconf 85' lang='grc' dir='ltr'><strong>ι3.</strong></span> <span class='ocrx_word' id='word_1_181' title='bbox 1023 927 1158 996; x_wconf 80' lang='lat' dir='ltr'><strong>Quantum</strong></span> <span class='ocrx_word' id='word_1_182' title='bbox 1188 937 1216 984; x_wconf 89' lang='lat' dir='ltr'><strong>et</strong></span> <span class='ocrx_word' id='word_1_183' title='bbox 1231 929 1370 1000; x_wconf 88' lang='lat' dir='ltr'><strong>quomodo</strong></span> <span class='ocrx_word' id='word_1_184' title='bbox 1398 944 1448 984; x_wconf 90' lang='lat' dir='ltr'><strong>nos</strong></span> <span class='ocrx_word' id='word_1_185' title='bbox 1466 934 1573 1000; x_wconf 89' lang='lat' dir='ltr'><strong>amasti,</strong></span> <span class='ocrx_word' id='word_1_186' title='bbox 1600 937 1644 1007; x_wconf 88' lang='lat' dir='ltr'><strong>qui</strong></span> <span class='ocrx_word' id='word_1_187' title='bbox 1661 954 1711 1009; x_wconf 91' lang='lat' dir='ltr'><strong>pro</strong></span> 
     </span>
     <span class='ocr_line' id='line_1_28' title="bbox 922 1015 1724 1088; baseline 0.02 -21"><span class='ocrx_word' id='word_1_188' title='bbox 922 1015 981 1085; x_wconf 94' lang='lat' dir='ltr'><strong>prio</strong></span> <span class='ocrx_word' id='word_1_189' title='bbox 1010 1015 1076 1072; x_wconf 86' lang='lat' dir='ltr'><strong>Filio</strong></span> <span class='ocrx_word' id='word_1_190' title='bbox 1091 1033 1144 1072; x_wconf 93' lang='lat' dir='ltr'><strong>non</strong></span> <span class='ocrx_word' id='word_1_191' title='bbox 1169 1018 1325 1088; x_wconf 84' lang='lat' dir='ltr'><strong>pepercisti,</strong></span> <span class='ocrx_word' id='word_1_192' title='bbox 1350 1017 1398 1072; x_wconf 93' lang='lat' dir='ltr'><strong>sed</strong></span> <span class='ocrx_word' id='word_1_193' title='bbox 1424 1034 1473 1088; x_wconf 93' lang='lat' dir='ltr'><strong>pro</strong></span> <span class='ocrx_word' id='word_1_194' title='bbox 1496 1021 1574 1077; x_wconf 93' lang='lat' dir='ltr'><strong>nobis</strong></span> <span class='ocrx_word' id='word_1_195' title='bbox 1596 1027 1724 1084; x_wconf 87' lang='lat' dir='ltr'><strong>omnibus</strong></span> 
     </span>
     <span class='ocr_line' id='line_1_29' title="bbox 922 1105 1723 1176; baseline 0.015 -18"><span class='ocrx_word' id='word_1_196' title='bbox 922 1120 984 1158; x_wconf 93' lang='lat' dir='ltr'><strong>eurn</strong></span> <span class='ocrx_word' id='word_1_197' title='bbox 1000 1105 1133 1160; x_wconf 81' lang='lat' dir='ltr'><strong>tradidisti</strong></span> <span class='ocrx_word' id='word_1_198' title='bbox 1149 1106 1239 1175; x_wconf 82' lang='lat' dir='ltr'><strong>(Rom.</strong></span> <span class='ocrx_word' id='word_1_199' title='bbox 1257 1121 1316 1167; x_wconf 82' lang='lat' dir='ltr'><strong>vnr,</strong></span> <span class='ocrx_word' id='word_1_200' title='bbox 1333 1107 1389 1176; x_wconf 79' lang='lat'>32).</span> <span class='ocrx_word' id='word_1_201' title='bbox 1406 1107 1451 1176; x_wconf 69' lang='lat' dir='ltr'><strong>‹pui</strong></span> <span class='ocrx_word' id='word_1_202' title='bbox 1467 1107 1547 1162; x_wconf 87' lang='lat' dir='ltr'><strong>etiarn</strong></span> <span class='ocrx_word' id='word_1_203' title='bbox 1563 1111 1656 1168; x_wconf 81' lang='lat' dir='ltr'><strong>dilexit</strong></span> <span class='ocrx_word' id='word_1_204' title='bbox 1671 1130 1723 1170; x_wconf 85' lang='lat' dir='ltr'><strong>nos</strong></span> 
     </span>
     <span class='ocr_line' id='line_1_30' title="bbox 922 1193 1728 1274; baseline 0.017 -30"><span class='ocrx_word' id='word_1_205' title='bbox 922 1199 949 1245; x_wconf 91' lang='lat' dir='ltr'><strong>et</strong></span> <span class='ocrx_word' id='word_1_206' title='bbox 971 1193 1079 1248; x_wconf 82' lang='lat' dir='ltr'><strong>tradidit</strong></span> <span class='ocrx_word' id='word_1_207' title='bbox 1103 1194 1279 1265; x_wconf 84' lang='lat' dir='ltr'><strong>semetipsum</strong></span> <span class='ocrx_word' id='word_1_208' title='bbox 1296 1208 1345 1264; x_wconf 91' lang='lat' dir='ltr'><strong>pro</strong></span> <span class='ocrx_word' id='word_1_209' title='bbox 1366 1193 1464 1249; x_wconf 87' lang='lat' dir='ltr'><strong>nobis!</strong></span> <span class='ocrx_word' id='word_1_210' title='bbox 1481 1197 1587 1263; x_wconf 82' lang='lat' dir='ltr'><strong>(Galat.</strong></span> <span class='ocrx_word' id='word_1_211' title='bbox 1615 1217 1646 1268; x_wconf 90' lang='lat' dir='ltr'><strong>u,</strong></span> <span class='ocrx_word' id='word_1_212' title='bbox 1662 1203 1728 1274; x_wconf 67' lang='lat'><strong>20.)</strong></span> 
     </span>
     <span class='ocr_line' id='line_1_31' title="bbox 921 1282 1721 1360; baseline 0.011 -24"><span class='ocrx_word' id='word_1_213' title='bbox 921 1283 977 1337; x_wconf 86' lang='lat' dir='ltr'><strong>Hoc</strong></span> <span class='ocrx_word' id='word_1_214' title='bbox 987 1291 1029 1336; x_wconf 91' lang='lat' dir='ltr'><strong>est</strong></span> <span class='ocrx_word' id='word_1_215' title='bbox 1044 1283 1163 1338; x_wconf 89' lang='lat' dir='ltr'><strong>Verbum</strong></span> <span class='ocrx_word' id='word_1_216' title='bbox 1180 1291 1254 1338; x_wconf 91' lang='lat' dir='ltr'><strong>tuum</strong></span> <span class='ocrx_word' id='word_1_217' title='bbox 1269 1282 1303 1335; x_wconf 90' lang='lat' dir='ltr'><strong>ad</strong></span> <span class='ocrx_word' id='word_1_218' title='bbox 1317 1297 1378 1344; x_wconf 89' lang='lat' dir='ltr'><strong>nos,</strong></span> <span class='ocrx_word' id='word_1_219' title='bbox 1396 1283 1521 1349; x_wconf 87' lang='lat' dir='ltr'><strong>Domine,</strong></span> <span class='ocrx_word' id='word_1_220' title='bbox 1538 1286 1581 1341; x_wconf 88' lang='lat' dir='ltr'><strong>bic</strong></span> <span class='ocrx_word' id='word_1_221' title='bbox 1596 1290 1721 1360; x_wconf 86' lang='lat' dir='ltr'><strong>omnipo-</strong></span> 
     </span>
     <span class='ocr_line' id='line_1_32' title="bbox 921 1370 1721 1443; baseline 0.011 -19"><span class='ocrx_word' id='word_1_222' title='bbox 921 1379 981 1424; x_wconf 89' lang='lat' dir='ltr'><strong>tens</strong></span> <span class='ocrx_word' id='word_1_223' title='bbox 1005 1370 1110 1440; x_wconf 88' lang='lat' dir='ltr'><strong>Sermo,</strong></span> <span class='ocrx_word' id='word_1_224' title='bbox 1126 1372 1182 1443; x_wconf 87' lang='lat' dir='ltr'><strong>qui,</strong></span> <span class='ocrx_word' id='word_1_225' title='bbox 1199 1371 1264 1425; x_wconf 90' lang='lat' dir='ltr'><strong>dnm</strong></span> <span class='ocrx_word' id='word_1_226' title='bbox 1286 1371 1405 1426; x_wconf 87' lang='lat' dir='ltr'><strong>medium</strong></span> <span class='ocrx_word' id='word_1_227' title='bbox 1429 1371 1567 1428; x_wconf 86' lang='lat' dir='ltr'><strong>silentium</strong></span> <span class='ocrx_word' id='word_1_228' title='bbox 1593 1383 1721 1433; x_wconf 88' lang='lat' dir='ltr'><strong>tenerent</strong></span> 
     </span>
     <span class='ocr_line' id='line_1_33' title="bbox 919 1459 1720 1536; baseline 0.011 -23"><span class='ocrx_word' id='word_1_229' title='bbox 919 1459 1019 1525; x_wconf 88' lang='lat' dir='ltr'><strong>omnia,</strong></span> <span class='ocrx_word' id='word_1_230' title='bbox 1036 1460 1201 1531; x_wconf 84' lang='lat' dir='ltr'><strong>profundum</strong></span> <span class='ocrx_word' id='word_1_231' title='bbox 1219 1461 1323 1515; x_wconf 89' lang='lat' dir='ltr'><strong>seilicet</strong></span> <span class='ocrx_word' id='word_1_232' title='bbox 1333 1461 1445 1529; x_wconf 88' lang='lat' dir='ltr'><strong>erroris,</strong></span> <span class='ocrx_word' id='word_1_233' title='bbox 1461 1477 1476 1516; x_wconf 87' lang='lat' dir='ltr'><strong>a</strong></span> <span class='ocrx_word' id='word_1_234' title='bbox 1492 1465 1628 1536; x_wconf 82' lang='lat' dir='ltr'><strong>regalibus</strong></span> <span class='ocrx_word' id='word_1_235' title='bbox 1647 1468 1720 1523; x_wconf 88' lang='lat' dir='ltr'><strong>sedi-</strong></span> 
     </span>
     <span class='ocr_line' id='line_1_34' title="bbox 920 1549 1724 1626; baseline 0.012 -25"><span class='ocrx_word' id='word_1_236' title='bbox 920 1549 970 1604; x_wconf 91' lang='lat' dir='ltr'><strong>bus</strong></span> <span class='ocrx_word' id='word_1_237' title='bbox 988 1551 1073 1615; x_wconf 90' lang='lat' dir='ltr'><strong>venit,</strong></span> <span class='ocrx_word' id='word_1_238' title='bbox 1087 1551 1171 1605; x_wconf 88' lang='lat' dir='ltr'><strong>durus</strong></span> <span class='ocrx_word' id='word_1_239' title='bbox 1186 1566 1309 1606; x_wconf 88' lang='lat' dir='ltr'><strong>errorum</strong></span> <span class='ocrx_word' id='word_1_240' title='bbox 1324 1551 1485 1619; x_wconf 80' lang='lat' dir='ltr'><strong>debellator,</strong></span> <span class='ocrx_word' id='word_1_241' title='bbox 1502 1562 1530 1608; x_wconf 90' lang='lat' dir='ltr'><strong>et</strong></span> <span class='ocrx_word' id='word_1_242' title='bbox 1544 1554 1630 1611; x_wconf 87' lang='lat' dir='ltr'><strong>dulcis</strong></span> <span class='ocrx_word' id='word_1_243' title='bbox 1644 1570 1724 1626; x_wconf 50' lang='lat' dir='ltr'><strong>anroe,</strong></span> 
     </span>
    </p>
   </div>
   <div class='ocr_carea' id='block_1_8' title="bbox 60 1629 1725 2692">
    <p class='ocr_par' dir='ltr' id='par_1_9' title="bbox 60 1629 1725 2692">
     <span class='ocr_line' id='line_1_35' title="bbox 60 1629 1718 1715; baseline 0.005 -24"><span class='ocrx_word' id='word_1_244' title='bbox 60 1636 174 1709; x_wconf 74' lang='lat' dir='ltr'><strong>qnidam</strong></span> <span class='ocrx_word' id='word_1_245' title='bbox 198 1651 295 1692; x_wconf 80' lang='lat' dir='ltr'><strong>servus</strong></span> <span class='ocrx_word' id='word_1_246' title='bbox 319 1644 391 1701; x_wconf 87' lang='lat' dir='ltr'><strong>tuns,</strong></span> <span class='ocrx_word' id='word_1_247' title='bbox 418 1644 506 1702; x_wconf 87' lang='lat' dir='ltr'><strong>motus</strong></span> <span class='ocrx_word' id='word_1_248' title='bbox 527 1635 570 1690; x_wconf 90' lang='lat' dir='ltr'><strong>vel</strong></span> <span class='ocrx_word' id='word_1_249' title='bbox 592 1635 683 1708; x_wconf 90' lang='lat' dir='ltr'><strong>quieta</strong></span> <span class='ocrx_word' id='word_1_250' title='bbox 705 1635 797 1701; x_wconf 86' lang='lat' dir='ltr'><strong>statio,</strong></span> <span class='ocrx_word' id='word_1_251' title='bbox 821 1634 864 1690; x_wconf 81' lang='lat' dir='ltr'><strong>rel</strong></span> <span class='ocrx_word' id='word_1_252' title='bbox 880 1629 903 1706; x_wconf 80' lang='grc' dir='ltr'><strong><em>Β</em></strong></span> <span class='ocrx_word' id='word_1_253' title='bbox 920 1638 956 1692; x_wconf 88' lang='lat' dir='ltr'><strong>ris</strong></span> <span class='ocrx_word' id='word_1_254' title='bbox 969 1640 1174 1695; x_wconf 90' lang='lat' dir='ltr'><strong>commendator</strong></span> <span class='ocrx_word' id='word_1_255' title='bbox 1197 1639 1275 1711; x_wconf 85' lang='lat' dir='ltr'><strong>(Sap.</strong></span> <span class='ocrx_word' id='word_1_256' title='bbox 1296 1655 1377 1708; x_wconf 84' lang='lat' dir='ltr'><strong>xvrtr,</strong></span> <span class='ocrx_word' id='word_1_257' title='bbox 1407 1641 1513 1713; x_wconf 72' lang='lat' dir='ltr'><strong>ibid).</strong></span> <span class='ocrx_word' id='word_1_258' title='bbox 1532 1642 1563 1698; x_wconf 87' lang='lat' dir='ltr'><strong>Et</strong></span> <span class='ocrx_word' id='word_1_259' title='bbox 1586 1644 1718 1715; x_wconf 89' lang='lat' dir='ltr'><strong>quidquid</strong></span> 
     </span>
     <span class='ocr_line' id='line_1_36' title="bbox 60 1721 1716 1804; baseline 0.005 -25"><span class='ocrx_word' id='word_1_260' title='bbox 60 1725 132 1791; x_wconf 78' lang='lat' dir='ltr'><strong>linia,</strong></span> <span class='ocrx_word' id='word_1_261' title='bbox 149 1723 224 1780; x_wconf 87' lang='lat' dir='ltr'><strong>ultra</strong></span> <span class='ocrx_word' id='word_1_262' title='bbox 237 1740 319 1796; x_wconf 83' lang='lat' dir='ltr'><strong>quem</strong></span> <span class='ocrx_word' id='word_1_263' title='bbox 334 1721 401 1778; x_wconf 86' lang='lat' dir='ltr'><strong>nibil</strong></span> <span class='ocrx_word' id='word_1_264' title='bbox 418 1731 538 1795; x_wconf 88' lang='lat' dir='ltr'><strong>appetat,</strong></span> <span class='ocrx_word' id='word_1_265' title='bbox 558 1723 600 1780; x_wconf 89' lang='lat' dir='ltr'><strong>vel</strong></span> <span class='ocrx_word' id='word_1_266' title='bbox 620 1724 803 1796; x_wconf 87' lang='lat' dir='ltr'><strong>appetendum</strong></span> <span class='ocrx_word' id='word_1_267' title='bbox 817 1724 863 1791; x_wconf 89' lang='lat' dir='ltr'><strong>ju·</strong></span> <span class='ocrx_word' id='word_1_268' title='bbox 918 1725 993 1791; x_wconf 89' lang='lat' dir='ltr'><strong>iecit,</strong></span> <span class='ocrx_word' id='word_1_269' title='bbox 1008 1726 1140 1797; x_wconf 87' lang='lat' dir='ltr'><strong>quidquid</strong></span> <span class='ocrx_word' id='word_1_270' title='bbox 1163 1726 1230 1781; x_wconf 86' lang='lat' dir='ltr'><strong>dixit</strong></span> <span class='ocrx_word' id='word_1_271' title='bbox 1247 1727 1277 1782; x_wconf 94' lang='lat' dir='ltr'><strong>in</strong></span> <span class='ocrx_word' id='word_1_272' title='bbox 1292 1736 1375 1796; x_wconf 87' lang='lat' dir='ltr'><strong>terra,</strong></span> <span class='ocrx_word' id='word_1_273' title='bbox 1398 1743 1487 1799; x_wconf 85' lang='lat' dir='ltr'><strong>usque</strong></span> <span class='ocrx_word' id='word_1_274' title='bbox 1502 1733 1536 1785; x_wconf 91' lang='lat' dir='ltr'><strong>ad</strong></span> <span class='ocrx_word' id='word_1_275' title='bbox 1559 1733 1716 1804; x_wconf 86' lang='lat' dir='ltr'><strong>opprobria,</strong></span> 
     </span>
     <span class='ocr_line' id='line_1_37' title="bbox 61 1811 1717 1888; baseline 0.005 -18"><span class='ocrx_word' id='word_1_276' title='bbox 61 1814 136 1870; x_wconf 82' lang='lat' dir='ltr'><strong>dicet</strong></span> <span class='ocrx_word' id='word_1_277' title='bbox 150 1811 299 1870; x_wconf 77' lang='lat' dir='ltr'><strong>voluntatis</strong></span> <span class='ocrx_word' id='word_1_278' title='bbox 321 1812 472 1885; x_wconf 88' lang='lat' dir='ltr'><strong>appetitus.</strong></span> <span class='ocrx_word' id='word_1_279' title='bbox 487 1813 563 1868; x_wconf 87' lang='lat' dir='ltr'><strong>Ultra</strong></span> <span class='ocrx_word' id='word_1_280' title='bbox 585 1820 611 1868; x_wconf 88' lang='lat' dir='ltr'><strong>te</strong></span> <span class='ocrx_word' id='word_1_281' title='bbox 625 1827 702 1880; x_wconf 88' lang='lat' dir='ltr'><strong>vero,</strong></span> <span class='ocrx_word' id='word_1_282' title='bbox 726 1813 768 1868; x_wconf 87' lang='lat' dir='ltr'><strong>vel</strong></span> <span class='ocrx_word' id='word_1_283' title='bbox 783 1827 865 1884; x_wconf 92' lang='lat' dir='ltr'><strong>supra</strong></span> <span class='ocrx_word' id='word_1_284' title='bbox 918 1831 1005 1888; x_wconf 84' lang='lat' dir='ltr'><strong>usqne</strong></span> <span class='ocrx_word' id='word_1_285' title='bbox 1026 1817 1061 1870; x_wconf 90' lang='lat' dir='ltr'><strong>ad</strong></span> <span class='ocrx_word' id='word_1_286' title='bbox 1076 1824 1156 1886; x_wconf 90' lang='lat' dir='ltr'><strong>sputa</strong></span> <span class='ocrx_word' id='word_1_287' title='bbox 1179 1820 1208 1871; x_wconf 88' lang='lat' dir='ltr'><strong>et</strong></span> <span class='ocrx_word' id='word_1_288' title='bbox 1227 1816 1331 1887; x_wconf 86' lang='lat' dir='ltr'><strong>alapas,</strong></span> <span class='ocrx_word' id='word_1_289' title='bbox 1345 1833 1433 1888; x_wconf 92' lang='lat' dir='ltr'><strong>usque</strong></span> <span class='ocrx_word' id='word_1_290' title='bbox 1452 1819 1487 1872; x_wconf 90' lang='lat' dir='ltr'><strong>ad</strong></span> <span class='ocrx_word' id='word_1_291' title='bbox 1503 1835 1613 1877; x_wconf 90' lang='lat' dir='ltr'><strong>crucem</strong></span> <span class='ocrx_word' id='word_1_292' title='bbox 1628 1831 1656 1877; x_wconf 89' lang='lat' dir='ltr'><strong>et</strong></span> <span class='ocrx_word' id='word_1_293' title='bbox 1670 1838 1717 1878; x_wconf 91' lang='lat' dir='ltr'><strong>se-</strong></span> 
     </span>
     <span class='ocr_line' id='line_1_38' title="bbox 61 1899 1717 1979; baseline 0.007 -23"><span class='ocrx_word' id='word_1_294' title='bbox 61 1914 88 1958; x_wconf 87' lang='lat' dir='ltr'><strong>te</strong></span> <span class='ocrx_word' id='word_1_295' title='bbox 102 1902 151 1976; x_wconf 91' lang='lat' dir='ltr'><strong>qni</strong></span> <span class='ocrx_word' id='word_1_296' title='bbox 174 1900 274 1974; x_wconf 73' lang='lat' dir='ltr'><strong>quern</strong></span> <span class='ocrx_word' id='word_1_297' title='bbox 288 1899 389 1972; x_wconf 86' lang='lat' dir='ltr'><strong>aliquid</strong></span> <span class='ocrx_word' id='word_1_298' title='bbox 412 1908 540 1974; x_wconf 85' lang='lat' dir='ltr'><strong>tanquam</strong></span> <span class='ocrx_word' id='word_1_299' title='bbox 564 1901 662 1957; x_wconf 88' lang='lat' dir='ltr'><strong>melius</strong></span> <span class='ocrx_word' id='word_1_300' title='bbox 676 1910 713 1964; x_wconf 91' lang='lat' dir='ltr'><strong>te,</strong></span> <span class='ocrx_word' id='word_1_301' title='bbox 738 1901 803 1956; x_wconf 90' lang='lat' dir='ltr'><strong>nibil</strong></span> <span class='ocrx_word' id='word_1_302' title='bbox 822 1908 865 1956; x_wconf 90' lang='lat' dir='ltr'><strong>est</strong></span> <span class='ocrx_word' id='word_1_303' title='bbox 919 1903 1052 1975; x_wconf 88' lang='lat' dir='ltr'><strong>pulcrum,</strong></span> <span class='ocrx_word' id='word_1_304' title='bbox 1077 1904 1197 1960; x_wconf 81' lang='lat' dir='ltr'><strong>nonfuit</strong></span> <span class='ocrx_word' id='word_1_305' title='bbox 1218 1905 1271 1960; x_wconf 89' lang='lat' dir='ltr'><strong>nisi</strong></span> <span class='ocrx_word' id='word_1_306' title='bbox 1294 1905 1367 1979; x_wconf 91' lang='lat' dir='ltr'><strong>loqui</strong></span> <span class='ocrx_word' id='word_1_307' title='bbox 1390 1915 1465 1962; x_wconf 89' lang='lat' dir='ltr'><strong>tuurn</strong></span> <span class='ocrx_word' id='word_1_308' title='bbox 1485 1908 1566 1964; x_wconf 91' lang='lat' dir='ltr'><strong>nobis</strong></span> <span class='ocrx_word' id='word_1_309' title='bbox 1589 1909 1618 1964; x_wconf 91' lang='lat' dir='ltr'><strong>in</strong></span> <span class='ocrx_word' id='word_1_310' title='bbox 1639 1911 1717 1979; x_wconf 87' lang='lat' dir='ltr'><strong>Filio,</strong></span> 
     </span>
     <span class='ocr_line' id='line_1_39' title="bbox 61 1989 1717 2065; baseline 0.006 -18"><span class='ocrx_word' id='word_1_311' title='bbox 61 1992 134 2063; x_wconf 89' lang='lat' dir='ltr'><strong>quod</strong></span> <span class='ocrx_word' id='word_1_312' title='bbox 158 1989 267 2061; x_wconf 80' lang='lat' dir='ltr'><strong>quaerit,</strong></span> <span class='ocrx_word' id='word_1_313' title='bbox 285 1989 348 2062; x_wconf 88' lang='lat' dir='ltr'><strong>quia</strong></span> <span class='ocrx_word' id='word_1_314' title='bbox 363 1989 429 2044; x_wconf 91' lang='lat' dir='ltr'><strong>nibil</strong></span> <span class='ocrx_word' id='word_1_315' title='bbox 453 1996 496 2046; x_wconf 89' lang='lat' dir='ltr'><strong>est</strong></span> <span class='ocrx_word' id='word_1_316' title='bbox 513 1990 611 2045; x_wconf 90' lang='lat' dir='ltr'><strong>melius</strong></span> <span class='ocrx_word' id='word_1_317' title='bbox 634 1989 677 2046; x_wconf 91' lang='lat' dir='ltr'><strong>vel</strong></span> <span class='ocrx_word' id='word_1_318' title='bbox 692 1990 797 2047; x_wconf 90' lang='lat' dir='ltr'><strong>dulcius</strong></span> <span class='ocrx_word' id='word_1_319' title='bbox 817 1999 862 2045; x_wconf 92' lang='lat' dir='ltr'><strong>te:</strong></span> <span class='ocrx_word' id='word_1_320' title='bbox 918 2008 1010 2049; x_wconf 80' lang='lat' dir='ltr'><strong>arnone</strong></span> <span class='ocrx_word' id='word_1_321' title='bbox 1033 2000 1079 2049; x_wconf 91' lang='lat' dir='ltr'><strong>tuo</strong></span> <span class='ocrx_word' id='word_1_322' title='bbox 1100 2008 1253 2065; x_wconf 83' lang='lat' dir='ltr'><strong>provocans</strong></span> <span class='ocrx_word' id='word_1_323' title='bbox 1277 2001 1304 2050; x_wconf 91' lang='lat' dir='ltr'><strong>et</strong></span> <span class='ocrx_word' id='word_1_324' title='bbox 1323 1995 1458 2052; x_wconf 87' lang='lat' dir='ltr'><strong>suscitans</strong></span> <span class='ocrx_word' id='word_1_325' title='bbox 1481 1996 1514 2052; x_wconf 82' lang='lat' dir='ltr'><strong>ad</strong></span> <span class='ocrx_word' id='word_1_326' title='bbox 1546 2005 1572 2054; x_wconf 91' lang='lat' dir='ltr'><strong>te</strong></span> <span class='ocrx_word' id='word_1_327' title='bbox 1594 2014 1717 2057; x_wconf 88' lang='lat' dir='ltr'><strong>amorem</strong></span> 
     </span>
     <span class='ocr_line' id='line_1_40' title="bbox 62 2076 1715 2158; baseline 0.007 -23"><span class='ocrx_word' id='word_1_328' title='bbox 62 2080 180 2151; x_wconf 84' lang='lat' dir='ltr'><strong>ideoque</strong></span> <span class='ocrx_word' id='word_1_329' title='bbox 205 2077 272 2134; x_wconf 87' lang='lat' dir='ltr'><strong>nihil</strong></span> <span class='ocrx_word' id='word_1_330' title='bbox 293 2076 412 2134; x_wconf 81' lang='lat' dir='ltr'><strong>eflicitur</strong></span> <span class='ocrx_word' id='word_1_331' title='bbox 435 2077 591 2134; x_wconf 86' lang='lat' dir='ltr'><strong>recedendo</strong></span> <span class='ocrx_word' id='word_1_332' title='bbox 618 2094 634 2133; x_wconf 88' lang='lat' dir='ltr'><strong>a</strong></span> <span class='ocrx_word' id='word_1_333' title='bbox 658 2087 694 2146; x_wconf 93' lang='lat' dir='ltr'><strong>te,</strong></span> <span class='ocrx_word' id='word_1_334' title='bbox 719 2079 764 2151; x_wconf 88' lang='lat' dir='ltr'><strong>qni</strong></span> <span class='ocrx_word' id='word_1_335' title='bbox 791 2078 865 2134; x_wconf 89' lang='lat' dir='ltr'><strong>solus</strong></span> <span class='ocrx_word' id='word_1_336' title='bbox 918 2090 1050 2138; x_wconf 89' lang='lat' dir='ltr'><strong>nostrum.</strong></span> <span class='ocrx_word' id='word_1_337' title='bbox 1076 2082 1187 2139; x_wconf 85' lang='lat' dir='ltr'><strong>Sciebas</strong></span> <span class='ocrx_word' id='word_1_338' title='bbox 1211 2082 1295 2149; x_wconf 90' lang='lat' dir='ltr'><strong>enim,</strong></span> <span class='ocrx_word' id='word_1_339' title='bbox 1317 2084 1432 2141; x_wconf 85' lang='lat' dir='ltr'><strong>Creator</strong></span> <span class='ocrx_word' id='word_1_340' title='bbox 1457 2086 1608 2143; x_wconf 88' lang='lat' dir='ltr'><strong>animarum</strong></span> <span class='ocrx_word' id='word_1_341' title='bbox 1633 2090 1715 2158; x_wconf 89' lang='lat' dir='ltr'><strong>Dens,</strong></span> 
     </span>
     <span class='ocr_line' id='line_1_41' title="bbox 63 2164 1716 2246; baseline 0.007 -23"><span class='ocrx_word' id='word_1_342' title='bbox 63 2166 198 2223; x_wconf 67' lang='lat' dir='ltr'><strong>mundus</strong></span> <span class='ocrx_word' id='word_1_343' title='bbox 211 2182 242 2223; x_wconf 90' lang='lat' dir='ltr'><strong>es</strong></span> <span class='ocrx_word' id='word_1_344' title='bbox 264 2181 339 2234; x_wconf 84' lang='lat' dir='ltr'><strong>rere,</strong></span> <span class='ocrx_word' id='word_1_345' title='bbox 357 2173 385 2220; x_wconf 90' lang='lat' dir='ltr'><strong>et</strong></span> <span class='ocrx_word' id='word_1_346' title='bbox 399 2164 549 2222; x_wconf 80' lang='lat' dir='ltr'><strong>fornicatur</strong></span> <span class='ocrx_word' id='word_1_347' title='bbox 572 2176 600 2221; x_wconf 91' lang='lat' dir='ltr'><strong>et</strong></span> <span class='ocrx_word' id='word_1_348' title='bbox 618 2167 737 2222; x_wconf 86' lang='lat' dir='ltr'><strong>luxuriat</strong></span> <span class='ocrx_word' id='word_1_349' title='bbox 751 2166 778 2223; x_wconf 92' lang='lat' dir='ltr'><strong>in</strong></span> <span class='ocrx_word' id='word_1_350' title='bbox 793 2166 861 2223; x_wconf 89' lang='lat' dir='ltr'><strong>alie-</strong></span> <span class='ocrx_word' id='word_1_351' title='bbox 917 2170 943 2225; x_wconf 92' lang='lat' dir='ltr'><strong>in</strong></span> <span class='ocrx_word' id='word_1_352' title='bbox 958 2170 1099 2226; x_wconf 86' lang='lat' dir='ltr'><strong>animabus</strong></span> <span class='ocrx_word' id='word_1_353' title='bbox 1114 2170 1229 2228; x_wconf 84' lang='lat' dir='ltr'><strong>filiorum</strong></span> <span class='ocrx_word' id='word_1_354' title='bbox 1243 2172 1382 2228; x_wconf 89' lang='lat' dir='ltr'><strong>bominum</strong></span> <span class='ocrx_word' id='word_1_355' title='bbox 1404 2178 1465 2246; x_wconf 82' lang='lat' dir='ltr'><strong>cogi</strong></span> <span class='ocrx_word' id='word_1_356' title='bbox 1484 2190 1537 2230; x_wconf 92' lang='lat' dir='ltr'><strong>non</strong></span> <span class='ocrx_word' id='word_1_357' title='bbox 1555 2193 1647 2246; x_wconf 90' lang='lat' dir='ltr'><strong>posse,</strong></span> <span class='ocrx_word' id='word_1_358' title='bbox 1665 2179 1716 2234; x_wconf 88' lang='lat' dir='ltr'><strong>sed</strong></span> 
     </span>
     <span class='ocr_line' id='line_1_42' title="bbox 63 2253 1717 2332; baseline 0.007 -21"><span class='ocrx_word' id='word_1_359' title='bbox 63 2257 104 2311; x_wconf 85' lang='lat' dir='ltr'><strong>nis</strong></span> <span class='ocrx_word' id='word_1_360' title='bbox 126 2253 284 2320; x_wconf 72' lang='lat' dir='ltr'><strong>affectibus,</strong></span> <span class='ocrx_word' id='word_1_361' title='bbox 308 2253 408 2321; x_wconf 90' lang='lat' dir='ltr'><strong>aliena,</strong></span> <span class='ocrx_word' id='word_1_362' title='bbox 424 2261 454 2309; x_wconf 95' lang='lat' dir='ltr'><strong>nt</strong></span> <span class='ocrx_word' id='word_1_363' title='bbox 469 2253 534 2322; x_wconf 88' lang='lat' dir='ltr'><strong>dixi,</strong></span> <span class='ocrx_word' id='word_1_364' title='bbox 559 2255 668 2311; x_wconf 87' lang='lat' dir='ltr'><strong>nomina</strong></span> <span class='ocrx_word' id='word_1_365' title='bbox 691 2256 861 2312; x_wconf 85' lang='lat' dir='ltr'><strong>habentibus.</strong></span> <span class='ocrx_word' id='word_1_366' title='bbox 918 2260 1059 2331; x_wconf 85' lang='lat' dir='ltr'><strong>provocari</strong></span> <span class='ocrx_word' id='word_1_367' title='bbox 1083 2269 1210 2332; x_wconf 87' lang='lat' dir='ltr'><strong>oportere</strong></span> <span class='ocrx_word' id='word_1_368' title='bbox 1240 2260 1368 2317; x_wconf 80' lang='lat' dir='ltr'><strong>allectum</strong></span> <span class='ocrx_word' id='word_1_369' title='bbox 1396 2262 1501 2318; x_wconf 85' lang='lat' dir='ltr'><strong>istum:</strong></span> <span class='ocrx_word' id='word_1_370' title='bbox 1533 2265 1611 2322; x_wconf 92' lang='lat' dir='ltr'><strong>simul</strong></span> <span class='ocrx_word' id='word_1_371' title='bbox 1635 2268 1717 2323; x_wconf 89' lang='lat' dir='ltr'><strong>etiarn</strong></span> 
     </span>
     <span class='ocr_line' id='line_1_43' title="bbox 65 2343 1714 2425; baseline 0.007 -23"><span class='ocrx_word' id='word_1_372' title='bbox 65 2349 149 2402; x_wconf 76' lang='lat' dir='ltr'><strong>Amor</strong></span> <span class='ocrx_word' id='word_1_373' title='bbox 159 2346 247 2408; x_wconf 83' lang='lat' dir='ltr'><strong>enirn,</strong></span> <span class='ocrx_word' id='word_1_374' title='bbox 263 2343 403 2400; x_wconf 90' lang='lat' dir='ltr'><strong>utdictum</strong></span> <span class='ocrx_word' id='word_1_375' title='bbox 419 2350 470 2410; x_wconf 91' lang='lat' dir='ltr'><strong>est,</strong></span> <span class='ocrx_word' id='word_1_376' title='bbox 481 2351 508 2399; x_wconf 87' lang='lat' dir='ltr'><strong>et</strong></span> <span class='ocrx_word' id='word_1_377' title='bbox 522 2360 595 2416; x_wconf 84' lang='lat' dir='ltr'><strong>saepe</strong></span> <span class='ocrx_word' id='word_1_378' title='bbox 606 2345 750 2404; x_wconf 91' lang='lat' dir='ltr'><strong>dicendum</strong></span> <span class='ocrx_word' id='word_1_379' title='bbox 762 2352 813 2410; x_wconf 88' lang='lat' dir='ltr'><strong>est,</strong></span> <span class='ocrx_word' id='word_1_380' title='bbox 829 2345 864 2400; x_wconf 88' lang='lat' dir='ltr'><strong>ad</strong></span> <span class='ocrx_word' id='word_1_381' title='bbox 918 2348 980 2420; x_wconf 86' lang='lat' dir='ltr'><strong>qnia</strong></span> <span class='ocrx_word' id='word_1_382' title='bbox 992 2349 1040 2404; x_wconf 92' lang='lat' dir='ltr'><strong>nbi</strong></span> <span class='ocrx_word' id='word_1_383' title='bbox 1054 2350 1168 2419; x_wconf 90' lang='lat' dir='ltr'><strong>coactio,</strong></span> <span class='ocrx_word' id='word_1_384' title='bbox 1184 2352 1239 2420; x_wconf 86' lang='lat' dir='ltr'><strong>jam</strong></span> <span class='ocrx_word' id='word_1_385' title='bbox 1254 2366 1306 2406; x_wconf 91' lang='lat' dir='ltr'><strong>nec</strong></span> <span class='ocrx_word' id='word_1_386' title='bbox 1320 2351 1446 2418; x_wconf 86' lang='lat' dir='ltr'><strong>libertas;</strong></span> <span class='ocrx_word' id='word_1_387' title='bbox 1462 2354 1508 2409; x_wconf 95' lang='lat' dir='ltr'><strong>ubi</strong></span> <span class='ocrx_word' id='word_1_388' title='bbox 1525 2372 1576 2411; x_wconf 90' lang='lat' dir='ltr'><strong>nee</strong></span> <span class='ocrx_word' id='word_1_389' title='bbox 1591 2355 1714 2425; x_wconf 88' lang='lat' dir='ltr'><strong>libertas,</strong></span> 
     </span>
     <span class='ocr_line' id='line_1_44' title="bbox 63 2431 1719 2511; baseline 0.006 -21"><span class='ocrx_word' id='word_1_390' title='bbox 63 2443 90 2490; x_wconf 87' lang='lat' dir='ltr'><strong>te</strong></span> <span class='ocrx_word' id='word_1_391' title='bbox 112 2432 203 2489; x_wconf 86' lang='lat' dir='ltr'><strong>solnm</strong></span> <span class='ocrx_word' id='word_1_392' title='bbox 225 2431 427 2500; x_wconf 86' lang='lat' dir='ltr'><strong>est,.Domine,</strong></span> <span class='ocrx_word' id='word_1_393' title='bbox 456 2432 484 2486; x_wconf 94' lang='lat' dir='ltr'><strong>in</strong></span> <span class='ocrx_word' id='word_1_394' title='bbox 514 2447 567 2505; x_wconf 92' lang='lat' dir='ltr'><strong>quo</strong></span> <span class='ocrx_word' id='word_1_395' title='bbox 590 2432 649 2488; x_wconf 88' lang='lat' dir='ltr'><strong>solo</strong></span> <span class='ocrx_word' id='word_1_396' title='bbox 667 2441 710 2488; x_wconf 90' lang='lat' dir='ltr'><strong>est</strong></span> <span class='ocrx_word' id='word_1_397' title='bbox 732 2431 864 2504; x_wconf 86' lang='lat' dir='ltr'><strong>quidquid</strong></span> <span class='ocrx_word' id='word_1_398' title='bbox 918 2452 970 2492; x_wconf 88' lang='lat' dir='ltr'><strong>nee</strong></span> <span class='ocrx_word' id='word_1_399' title='bbox 991 2433 1104 2507; x_wconf 87' lang='lat' dir='ltr'><strong>justitia.</strong></span> <span class='ocrx_word' id='word_1_400' title='bbox 1120 2439 1160 2494; x_wconf 87' lang='lat' dir='ltr'><strong>Tu</strong></span> <span class='ocrx_word' id='word_1_401' title='bbox 1183 2447 1284 2505; x_wconf 87' lang='lat' dir='ltr'><strong>antem,</strong></span> <span class='ocrx_word' id='word_1_402' title='bbox 1301 2440 1416 2498; x_wconf 89' lang='lat' dir='ltr'><strong>Domine</strong></span> <span class='ocrx_word' id='word_1_403' title='bbox 1439 2443 1521 2511; x_wconf 87' lang='lat' dir='ltr'><strong>juste,</strong></span> <span class='ocrx_word' id='word_1_404' title='bbox 1538 2444 1643 2501; x_wconf 89' lang='lat' dir='ltr'><strong>salvare</strong></span> <span class='ocrx_word' id='word_1_405' title='bbox 1667 2460 1719 2502; x_wconf 89' lang='lat' dir='ltr'><strong>nos</strong></span> 
     </span>
     <span class='ocr_line' id='line_1_45' title="bbox 62 2519 1725 2602; baseline 0.007 -27"><span class='ocrx_word' id='word_1_406' title='bbox 62 2537 126 2578; x_wconf 81' lang='lat' dir='ltr'><strong>rare</strong></span> <span class='ocrx_word' id='word_1_407' title='bbox 148 2527 204 2587; x_wconf 86' lang='lat' dir='ltr'><strong>est,</strong></span> <span class='ocrx_word' id='word_1_408' title='bbox 225 2519 273 2575; x_wconf 94' lang='lat' dir='ltr'><strong>ubi</strong></span> <span class='ocrx_word' id='word_1_409' title='bbox 286 2519 379 2593; x_wconf 87' lang='lat' dir='ltr'><strong>quieta</strong></span> <span class='ocrx_word' id='word_1_410' title='bbox 403 2529 430 2575; x_wconf 91' lang='lat' dir='ltr'><strong>et</strong></span> <span class='ocrx_word' id='word_1_411' title='bbox 448 2535 545 2575; x_wconf 88' lang='lat' dir='ltr'><strong>secura</strong></span> <span class='ocrx_word' id='word_1_412' title='bbox 569 2519 664 2583; x_wconf 74' lang='grc' dir='ltr'>ιιιιὶος</span> <span class='ocrx_word' id='word_1_413' title='bbox 690 2520 753 2593; x_wconf 90' lang='lat' dir='ltr'><strong>quia</strong></span> <span class='ocrx_word' id='word_1_414' title='bbox 777 2522 864 2576; x_wconf 92' lang='lat' dir='ltr'><strong>Denrn</strong></span> <span class='ocrx_word' id='word_1_415' title='bbox 920 2524 1038 2590; x_wconf 89' lang='lat' dir='ltr'><strong>volebas,</strong></span> <span class='ocrx_word' id='word_1_416' title='bbox 1054 2524 1100 2595; x_wconf 88' lang='lat' dir='ltr'><strong>qui</strong></span> <span class='ocrx_word' id='word_1_417' title='bbox 1123 2524 1223 2579; x_wconf 86' lang='lat' dir='ltr'><strong>nullum</strong></span> <span class='ocrx_word' id='word_1_418' title='bbox 1248 2525 1337 2582; x_wconf 82' lang='lat' dir='ltr'><strong>salvas</strong></span> <span class='ocrx_word' id='word_1_419' title='bbox 1353 2541 1404 2582; x_wconf 90' lang='lat' dir='ltr'><strong>nec</strong></span> <span class='ocrx_word' id='word_1_420' title='bbox 1426 2527 1540 2583; x_wconf 82' lang='lat' dir='ltr'><strong>damnas</strong></span> <span class='ocrx_word' id='word_1_421' title='bbox 1559 2530 1611 2584; x_wconf 89' lang='lat' dir='ltr'><strong>nisi</strong></span> <span class='ocrx_word' id='word_1_422' title='bbox 1632 2533 1725 2602; x_wconf 81' lang='lat' dir='ltr'><strong>juste,</strong></span> 
     </span>
     <span class='ocr_line' id='line_1_46' title="bbox 63 2608 1722 2692; baseline 0.006 -27"><span class='ocrx_word' id='word_1_423' title='bbox 63 2611 157 2666; x_wconf 88' lang='lat' dir='ltr'><strong>timere</strong></span> <span class='ocrx_word' id='word_1_424' title='bbox 182 2609 282 2664; x_wconf 90' lang='lat' dir='ltr'><strong>timore</strong></span> <span class='ocrx_word' id='word_1_425' title='bbox 305 2608 405 2665; x_wconf 91' lang='lat' dir='ltr'><strong>amoris</strong></span> <span class='ocrx_word' id='word_1_426' title='bbox 419 2615 504 2674; x_wconf 86' lang='lat' dir='ltr'><strong>casto,</strong></span> <span class='ocrx_word' id='word_1_427' title='bbox 526 2617 554 2664; x_wconf 90' lang='lat' dir='ltr'><strong>et</strong></span> <span class='ocrx_word' id='word_1_428' title='bbox 577 2610 703 2664; x_wconf 89' lang='lat' dir='ltr'><strong>mandata</strong></span> <span class='ocrx_word' id='word_1_429' title='bbox 729 2610 789 2679; x_wconf 85' lang='lat' dir='ltr'><strong>ejus</strong></span> <span class='ocrx_word' id='word_1_430' title='bbox 812 2610 863 2664; x_wconf 93' lang='lat' dir='ltr'><strong>ob·</strong></span> <span class='ocrx_word' id='word_1_431' title='bbox 917 2613 977 2684; x_wconf 88' lang='lat' dir='ltr'><strong>ipse</strong></span> <span class='ocrx_word' id='word_1_432' title='bbox 993 2612 1073 2669; x_wconf 87' lang='lat' dir='ltr'><strong>nobis</strong></span> <span class='ocrx_word' id='word_1_433' title='bbox 1095 2612 1216 2668; x_wconf 83' lang='lat' dir='ltr'><strong>formans</strong></span> <span class='ocrx_word' id='word_1_434' title='bbox 1229 2613 1361 2681; x_wconf 90' lang='lat' dir='ltr'><strong>judicium</strong></span> <span class='ocrx_word' id='word_1_435' title='bbox 1376 2622 1403 2669; x_wconf 92' lang='lat' dir='ltr'><strong>et</strong></span> <span class='ocrx_word' id='word_1_436' title='bbox 1416 2631 1536 2686; x_wconf 69' lang='lat' dir='ltr'><strong>canmm,</strong></span> <span class='ocrx_word' id='word_1_437' title='bbox 1552 2618 1654 2674; x_wconf 89' lang='lat' dir='ltr'><strong>sedens</strong></span> <span class='ocrx_word' id='word_1_438' title='bbox 1668 2637 1722 2692; x_wconf 17' lang='lat' dir='ltr'><strong>su·-</strong></span> 
     </span>
    </p>
   </div>
   <div class='ocr_carea' id='block_1_9' title="bbox 65 2697 523 2766">
    <p class='ocr_par' dir='ltr' id='par_1_10' title="bbox 65 2697 523 2766">
     <span class='ocr_line' id='line_1_47' title="bbox 65 2697 523 2766; baseline 0 -12"><span class='ocrx_word' id='word_1_439' title='bbox 65 2714 185 2766; x_wconf 84' lang='lat' dir='ltr'><strong>serrare,</strong></span> <span class='ocrx_word' id='word_1_440' title='bbox 201 2699 255 2755; x_wconf 90' lang='lat' dir='ltr'><strong>hoc</strong></span> <span class='ocrx_word' id='word_1_441' title='bbox 268 2703 311 2754; x_wconf 85' lang='lat' dir='ltr'><strong>est</strong></span> <span class='ocrx_word' id='word_1_442' title='bbox 327 2697 418 2754; x_wconf 90' lang='lat' dir='ltr'><strong>ornnis</strong></span> <span class='ocrx_word' id='word_1_443' title='bbox 432 2699 523 2754; x_wconf 88' lang='lat' dir='ltr'><strong>homo.</strong></span> 
     </span>
    </p>
   </div>
   <div class='ocr_carea' id='block_1_10' title="bbox 68 2822 864 2986">
    <p class='ocr_par' dir='ltr' id='par_1_11' title="bbox 68 2822 864 2986">
     <span class='ocr_line' id='line_1_48' title="bbox 68 2822 864 2986; baseline -0.001 -18"><span class='ocrx_word' id='word_1_444' title='bbox 68 2913 150 2969; x_wconf 82' lang='lat' dir='ltr'><strong>Deam</strong></span> <span class='ocrx_word' id='word_1_445' title='bbox 165 2914 291 2986; x_wconf 78' lang='lat' dir='ltr'><strong>priorem</strong></span> <span class='ocrx_word' id='word_1_446' title='bbox 311 2822 570 2977; x_wconf 44' lang='lat' dir='ltr'><strong>dilegitszntloglet</strong></span> <span class='ocrx_word' id='word_1_447' title='bbox 589 2911 625 2967; x_wconf 90' lang='lat' dir='ltr'><strong>od</strong></span> <span class='ocrx_word' id='word_1_448' title='bbox 639 2911 795 2968; x_wconf 81' lang='lat' dir='ltr'><strong>amandum</strong></span> <span class='ocrx_word' id='word_1_449' title='bbox 814 2928 864 2969; x_wconf 82' lang='lat' dir='ltr'><strong>nor</strong></span> 
     </span>
    </p>
   </div>
   <div class='ocr_carea' id='block_1_11' title="bbox 918 2701 1717 2951">
    <p class='ocr_par' dir='ltr' id='par_1_12' title="bbox 918 2701 1717 2951">
     <span class='ocr_line' id='line_1_49' title="bbox 920 2701 1716 2778; baseline 0.006 -22"><span class='ocrx_word' id='word_1_450' title='bbox 920 2716 969 2771; x_wconf 94' lang='lat' dir='ltr'><strong>per</strong></span> <span class='ocrx_word' id='word_1_451' title='bbox 996 2703 1135 2770; x_wconf 89' lang='lat' dir='ltr'><strong>tbronnm,</strong></span> <span class='ocrx_word' id='word_1_452' title='bbox 1150 2709 1178 2756; x_wconf 89' lang='lat' dir='ltr'><strong>et</strong></span> <span class='ocrx_word' id='word_1_453' title='bbox 1200 2701 1325 2770; x_wconf 84' lang='lat' dir='ltr'><strong>judicans</strong></span> <span class='ocrx_word' id='word_1_454' title='bbox 1342 2703 1483 2772; x_wconf 88' lang='lat' dir='ltr'><strong>justitiam,</strong></span> <span class='ocrx_word' id='word_1_455' title='bbox 1509 2706 1557 2759; x_wconf 90' lang='lat' dir='ltr'><strong>sed</strong></span> <span class='ocrx_word' id='word_1_456' title='bbox 1583 2722 1663 2778; x_wconf 85' lang='lat' dir='ltr'><strong>qrrnrn</strong></span> <span class='ocrx_word' id='word_1_457' title='bbox 1688 2717 1716 2762; x_wconf 91' lang='lat' dir='ltr'><strong>tu</strong></span> 
     </span>
     <span class='ocr_line' id='line_1_50' title="bbox 919 2788 1717 2860; baseline 0.006 -17"><span class='ocrx_word' id='word_1_458' title='bbox 919 2788 1007 2844; x_wconf 86' lang='lat' dir='ltr'><strong>iecisti</strong></span> <span class='ocrx_word' id='word_1_459' title='bbox 1021 2790 1108 2860; x_wconf 83' lang='lat' dir='ltr'><strong>(Psoi.</strong></span> <span class='ocrx_word' id='word_1_460' title='bbox 1125 2803 1165 2855; x_wconf 87' lang='lat' dir='ltr'><strong>rx,</strong></span> <span class='ocrx_word' id='word_1_461' title='bbox 1183 2788 1225 2860; x_wconf 82' lang='lat' dir='ltr'><strong>b);</strong></span> <span class='ocrx_word' id='word_1_462' title='bbox 1242 2793 1272 2844; x_wconf 90' lang='lat' dir='ltr'><strong>nt</strong></span> <span class='ocrx_word' id='word_1_463' title='bbox 1286 2805 1368 2846; x_wconf 88' lang='lat' dir='ltr'><strong>omne</strong></span> <span class='ocrx_word' id='word_1_464' title='bbox 1383 2806 1414 2845; x_wconf 87' lang='lat' dir='ltr'><strong>os</strong></span> <span class='ocrx_word' id='word_1_465' title='bbox 1428 2792 1595 2855; x_wconf 86' lang='lat' dir='ltr'><strong>obstruatur,</strong></span> <span class='ocrx_word' id='word_1_466' title='bbox 1611 2802 1638 2848; x_wconf 93' lang='lat' dir='ltr'><strong>et</strong></span> <span class='ocrx_word' id='word_1_467' title='bbox 1653 2795 1717 2849; x_wconf 90' lang='lat' dir='ltr'><strong>sub-</strong></span> 
     </span>
     <span class='ocr_line' id='line_1_51' title="bbox 918 2877 1717 2951; baseline 0.006 -19"><span class='ocrx_word' id='word_1_468' title='bbox 918 2877 990 2934; x_wconf 90' lang='lat' dir='ltr'><strong>ditus</strong></span> <span class='ocrx_word' id='word_1_469' title='bbox 1014 2877 1061 2933; x_wconf 86' lang='lat' dir='ltr'><strong>liat</strong></span> <span class='ocrx_word' id='word_1_470' title='bbox 1075 2878 1162 2934; x_wconf 88' lang='lat' dir='ltr'><strong>omnis</strong></span> <span class='ocrx_word' id='word_1_471' title='bbox 1176 2877 1293 2934; x_wconf 91' lang='lat' dir='ltr'><strong>mundus</strong></span> <span class='ocrx_word' id='word_1_472' title='bbox 1317 2880 1374 2935; x_wconf 88' lang='lat' dir='ltr'><strong>Deo</strong></span> <span class='ocrx_word' id='word_1_473' title='bbox 1389 2879 1479 2948; x_wconf 82' lang='lat' dir='ltr'><strong>(Rom.</strong></span> <span class='ocrx_word' id='word_1_474' title='bbox 1507 2896 1547 2944; x_wconf 87' lang='lat' dir='ltr'><strong>ru,</strong></span> <span class='ocrx_word' id='word_1_475' title='bbox 1566 2883 1628 2951; x_wconf 67' lang='lat' dir='ltr'><strong>tal:</strong></span> <span class='ocrx_word' id='word_1_476' title='bbox 1656 2898 1717 2937; x_wconf 90' lang='lat' dir='ltr'><strong>cum</strong></span> 
     </span>
    </p>
   </div>
   <div class='ocr_carea' id='block_1_12' title="bbox 288 2942 1760 3055">
    <p class='ocr_par' dir='ltr' id='par_1_13' title="bbox 288 2942 1760 3055">
     <span class='ocr_line' id='line_1_52' title="bbox 288 2942 1760 3055; baseline 0.003 -33"><span class='ocrx_word' id='word_1_477' title='bbox 288 2998 452 3055; x_wconf 56' lang='lat' dir='ltr'><strong>prowm</strong></span> <span class='ocrx_word' id='word_1_478' title='bbox 465 2998 516 3055; x_wconf 58' lang='lat' dir='ltr'><strong>per</strong></span> <span class='ocrx_word' id='word_1_479' title='bbox 529 2983 647 3039; x_wconf 58' lang='lat' dir='ltr'><strong>pilium,</strong></span> <span class='ocrx_word' id='word_1_480' title='bbox 880 2942 903 3022; x_wconf 67' lang='grc' dir='ltr'><strong><em>Β</em></strong></span> <span class='ocrx_word' id='word_1_481' title='bbox 917 2966 1057 3023; x_wconf 88' lang='lat' dir='ltr'><strong>misereris</strong></span> <span class='ocrx_word' id='word_1_482' title='bbox 1068 2968 1148 3037; x_wconf 84' lang='lat' dir='ltr'><strong>cujus</strong></span> <span class='ocrx_word' id='word_1_483' title='bbox 1162 2966 1314 3037; x_wconf 68' lang='lat' dir='ltr'><strong>misereris,</strong></span> <span class='ocrx_word' id='word_1_484' title='bbox 1332 2975 1360 3022; x_wconf 89' lang='lat' dir='ltr'><strong>et</strong></span> <span class='ocrx_word' id='word_1_485' title='bbox 1374 2967 1589 3024; x_wconf 88' lang='lat' dir='ltr'><strong>misericordiam</strong></span> <span class='ocrx_word' id='word_1_486' title='bbox 1604 2979 1718 3042; x_wconf 74' lang='lat' dir='ltr'><strong>prestas</strong></span> <span class='ocrx_word' id='word_1_487' title='bbox 1756 2993 1760 2998; x_wconf 88' lang='lat'>·</span> 
     </span>
    </p>
   </div>
   <div class='ocr_carea' id='block_1_13' title="bbox 68 3056 1718 4390">
    <p class='ocr_par' dir='ltr' id='par_1_14' title="bbox 68 3056 1718 4390">
     <span class='ocr_line' id='line_1_53' title="bbox 100 3056 1718 3141; baseline 0.002 -28"><span class='ocrx_word' id='word_1_488' title='bbox 100 3077 140 3129; x_wconf 65' lang='lat' dir='ltr'><strong>st·</strong></span> <span class='ocrx_word' id='word_1_489' title='bbox 163 3071 391 3140; x_wconf 57' lang='lat' dir='ltr'><strong>flffldatitpque</strong></span> <span class='ocrx_word' id='word_1_490' title='bbox 415 3072 449 3126; x_wconf 64' lang='lat' dir='ltr'><strong>ab</strong></span> <span class='ocrx_word' id='word_1_491' title='bbox 465 3071 555 3127; x_wconf 72' lang='lat' dir='ltr'><strong>anima</strong></span> <span class='ocrx_word' id='word_1_492' title='bbox 577 3087 639 3128; x_wconf 67' lang='lat' dir='ltr'><strong>mea</strong></span> <span class='ocrx_word' id='word_1_493' title='bbox 653 3070 741 3127; x_wconf 77' lang='lat' dir='ltr'><strong>omnis</strong></span> <span class='ocrx_word' id='word_1_494' title='bbox 755 3071 863 3141; x_wconf 73' lang='lat' dir='ltr'><strong>injusti.</strong></span> <span class='ocrx_word' id='word_1_495' title='bbox 917 3058 995 3127; x_wconf 75' lang='lat' dir='ltr'><strong>clljlls</strong></span> <span class='ocrx_word' id='word_1_496' title='bbox 1020 3056 1147 3113; x_wconf 77' lang='lat' dir='ltr'><strong>misertus</strong></span> <span class='ocrx_word' id='word_1_497' title='bbox 1161 3056 1216 3113; x_wconf 76' lang='lat' dir='ltr'><strong>el‘lS</strong></span> <span class='ocrx_word' id='word_1_498' title='bbox 1229 3057 1318 3126; x_wconf 76' lang='lat' dir='ltr'><strong>(Rom.</strong></span> <span class='ocrx_word' id='word_1_499' title='bbox 1335 3071 1376 3125; x_wconf 74' lang='lat' dir='ltr'><strong>lx,</strong></span> <span class='ocrx_word' id='word_1_500' title='bbox 1393 3056 1449 3128; x_wconf 65' lang='lat' dir='ltr'><strong>ill).</strong></span> <span class='ocrx_word' id='word_1_501' title='bbox 1466 3057 1583 3113; x_wconf 76' lang='lat' dir='ltr'><strong>Voluisti</strong></span> <span class='ocrx_word' id='word_1_502' title='bbox 1598 3075 1665 3132; x_wconf 67' lang='lat' dir='ltr'><strong>(drgo</strong></span> <span class='ocrx_word' id='word_1_503' title='bbox 1686 3067 1718 3116; x_wconf 81' lang='lat' dir='ltr'><strong>ut</strong></span> 
     </span>
     <span class='ocr_line' id='line_1_54' title="bbox 69 3145 1716 3232; baseline 0.002 -31"><span class='ocrx_word' id='word_1_504' title='bbox 69 3163 201 3218; x_wconf 56' lang='lat' dir='ltr'><strong>1133„oe</strong></span> <span class='ocrx_word' id='word_1_505' title='bbox 226 3160 338 3232; x_wconf 61' lang='lat' dir='ltr'><strong>pingam</strong></span> <span class='ocrx_word' id='word_1_506' title='bbox 353 3159 500 3216; x_wconf 71' lang='lat' dir='ltr'><strong>Dominum</strong></span> <span class='ocrx_word' id='word_1_507' title='bbox 524 3161 612 3216; x_wconf 68' lang='lat' dir='ltr'><strong>Deum</strong></span> <span class='ocrx_word' id='word_1_508' title='bbox 636 3177 725 3216; x_wconf 62' lang='lat' dir='ltr'><strong>meum</strong></span> <span class='ocrx_word' id='word_1_509' title='bbox 751 3177 783 3217; x_wconf 69' lang='lat'><strong>0¹</strong></span> <span class='ocrx_word' id='word_1_510' title='bbox 807 3167 863 3217; x_wconf 69' lang='grc' dir='ltr'><strong>ωῑο</strong></span> <span class='ocrx_word' id='word_1_511' title='bbox 917 3161 1071 3201; x_wconf 88' lang='lat' dir='ltr'><strong>anrarenrus</strong></span> <span class='ocrx_word' id='word_1_512' title='bbox 1095 3155 1141 3200; x_wconf 88' lang='lat' dir='ltr'><strong>te:</strong></span> <span class='ocrx_word' id='word_1_513' title='bbox 1159 3145 1204 3218; x_wconf 85' lang='lat' dir='ltr'><strong>qui</strong></span> <span class='ocrx_word' id='word_1_514' title='bbox 1224 3161 1276 3201; x_wconf 91' lang='lat' dir='ltr'><strong>nec</strong></span> <span class='ocrx_word' id='word_1_515' title='bbox 1289 3145 1361 3214; x_wconf 90' lang='lat' dir='ltr'><strong>juste</strong></span> <span class='ocrx_word' id='word_1_516' title='bbox 1376 3153 1533 3215; x_wconf 88' lang='lat' dir='ltr'><strong>poteramus</strong></span> <span class='ocrx_word' id='word_1_517' title='bbox 1552 3147 1651 3204; x_wconf 84' lang='lat' dir='ltr'><strong>salvari</strong></span> <span class='ocrx_word' id='word_1_518' title='bbox 1666 3148 1716 3204; x_wconf 89' lang='lat' dir='ltr'><strong>nisi</strong></span> 
     </span>
     <span class='ocr_line' id='line_1_55' title="bbox 71 3236 1716 3320; baseline 0.004 -32"><span class='ocrx_word' id='word_1_519' title='bbox 71 3252 145 3308; x_wconf 64' lang='lat' dir='ltr'><strong>wfde</strong></span> <span class='ocrx_word' id='word_1_520' title='bbox 168 3265 242 3315; x_wconf 52' lang='lat' dir='ltr'><strong>meo,</strong></span> <span class='ocrx_word' id='word_1_521' title='bbox 257 3256 287 3305; x_wconf 58' lang='grc' dir='ltr'>οι</span> <span class='ocrx_word' id='word_1_522' title='bbox 309 3263 343 3305; x_wconf 66' lang='lat'><strong>0¹</strong></span> <span class='ocrx_word' id='word_1_523' title='bbox 359 3256 414 3305; x_wconf 48' lang='grc' dir='ltr'><strong>[οη</strong></span> <span class='ocrx_word' id='word_1_524' title='bbox 428 3248 517 3304; x_wconf 65' lang='lat' dir='ltr'><strong>anima</strong></span> <span class='ocrx_word' id='word_1_525' title='bbox 541 3265 612 3320; x_wconf 66' lang='lat' dir='ltr'><strong>mea¹</strong></span> <span class='ocrx_word' id='word_1_526' title='bbox 638 3258 665 3305; x_wconf 65' lang='lat' dir='ltr'><strong>et</strong></span> <span class='ocrx_word' id='word_1_527' title='bbox 680 3266 713 3305; x_wconf 70' lang='lat' dir='ltr'><strong>ex</strong></span> <span class='ocrx_word' id='word_1_528' title='bbox 738 3250 864 3306; x_wconf 68' lang='lat' dir='ltr'><strong>omnibus</strong></span> <span class='ocrx_word' id='word_1_529' title='bbox 917 3243 1122 3306; x_wconf 61' lang='lat' dir='ltr'><strong>amaremll8103</strong></span> <span class='ocrx_word' id='word_1_530' title='bbox 1139 3251 1191 3291; x_wconf 83' lang='lat' dir='ltr'><strong>nec</strong></span> <span class='ocrx_word' id='word_1_531' title='bbox 1216 3250 1308 3289; x_wconf 68' lang='lat' dir='ltr'><strong>amare</strong></span> <span class='ocrx_word' id='word_1_532' title='bbox 1323 3242 1350 3290; x_wconf 68' lang='lat' dir='ltr'><strong>le</strong></span> <span class='ocrx_word' id='word_1_533' title='bbox 1375 3243 1532 3305; x_wconf 75' lang='lat' dir='ltr'><strong>poteramus</strong></span> <span class='ocrx_word' id='word_1_534' title='bbox 1551 3236 1602 3292; x_wconf 75' lang='lat' dir='ltr'><strong>nisi</strong></span> <span class='ocrx_word' id='word_1_535' title='bbox 1621 3253 1716 3309; x_wconf 74' lang='grc' dir='ltr'>ΡΓΟθθ·</span> 
     </span>
     <span class='ocr_line' id='line_1_56' title="bbox 71 3322 1716 3410; baseline 0.002 -32"><span class='ocrx_word' id='word_1_536' title='bbox 71 3340 166 3397; x_wconf 61' lang='lat' dir='ltr'><strong>,ffim</strong></span> <span class='ocrx_word' id='word_1_537' title='bbox 187 3337 274 3395; x_wconf 62' lang='lat'><strong>„13553</strong></span> <span class='ocrx_word' id='word_1_538' title='bbox 299 3338 409 3394; x_wconf 54' lang='lat' dir='ltr'><strong>recedat</strong></span> <span class='ocrx_word' id='word_1_539' title='bbox 431 3337 519 3394; x_wconf 68' lang='lat' dir='ltr'><strong>omnis</strong></span> <span class='ocrx_word' id='word_1_540' title='bbox 548 3337 692 3410; x_wconf 54' lang='lat' dir='ltr'><strong>zelotypia,</strong></span> <span class='ocrx_word' id='word_1_541' title='bbox 716 3355 750 3395; x_wconf 67' lang='lat' dir='ltr'><strong>ne</strong></span> <span class='ocrx_word' id='word_1_542' title='bbox 775 3347 863 3394; x_wconf 61' lang='lat' dir='ltr'><strong>[ecum</strong></span> <span class='ocrx_word' id='word_1_543' title='bbox 917 3324 996 3381; x_wconf 90' lang='lat' dir='ltr'><strong>deret</strong></span> <span class='ocrx_word' id='word_1_544' title='bbox 1014 3341 1029 3379; x_wconf 92' lang='lat' dir='ltr'><strong>a</strong></span> <span class='ocrx_word' id='word_1_545' title='bbox 1050 3332 1086 3381; x_wconf 89' lang='lat' dir='ltr'><strong>te.</strong></span> <span class='ocrx_word' id='word_1_546' title='bbox 1116 3324 1201 3396; x_wconf 81' lang='lat' dir='ltr'><strong>Ergo,</strong></span> <span class='ocrx_word' id='word_1_547' title='bbox 1225 3322 1351 3386; x_wconf 85' lang='lat' dir='ltr'><strong>Domine,</strong></span> <span class='ocrx_word' id='word_1_548' title='bbox 1367 3322 1437 3379; x_wconf 87' lang='lat' dir='ltr'><strong>sicut</strong></span> <span class='ocrx_word' id='word_1_549' title='bbox 1450 3325 1591 3394; x_wconf 87' lang='lat' dir='ltr'><strong>apostolus</strong></span> <span class='ocrx_word' id='word_1_550' title='bbox 1610 3334 1716 3382; x_wconf 87' lang='lat' dir='ltr'><strong>amator</strong></span> 
     </span>
     <span class='ocr_line' id='line_1_57' title="bbox 72 3410 1714 3504; baseline 0.001 -36"><span class='ocrx_word' id='word_1_551' title='bbox 72 3428 162 3504; x_wconf 54' lang='grc' dir='ltr'>Μ</span> <span class='ocrx_word' id='word_1_552' title='bbox 177 3443 269 3485; x_wconf 66' lang='lat' dir='ltr'><strong>mem</strong></span> <span class='ocrx_word' id='word_1_553' title='bbox 292 3427 364 3500; x_wconf 77' lang='lat' dir='ltr'><strong>quod</strong></span> <span class='ocrx_word' id='word_1_554' title='bbox 391 3435 502 3499; x_wconf 67' lang='lat' dir='ltr'><strong>psopter</strong></span> <span class='ocrx_word' id='word_1_555' title='bbox 522 3433 548 3483; x_wconf 68' lang='lat' dir='ltr'><strong>[e</strong></span> <span class='ocrx_word' id='word_1_556' title='bbox 563 3443 618 3483; x_wconf 75' lang='lat' dir='ltr'><strong>non</strong></span> <span class='ocrx_word' id='word_1_557' title='bbox 642 3443 741 3494; x_wconf 62' lang='lat' dir='ltr'><strong>amem,</strong></span> <span class='ocrx_word' id='word_1_558' title='bbox 766 3443 863 3484; x_wconf 68' lang='lat' dir='ltr'>overe</span> <span class='ocrx_word' id='word_1_559' title='bbox 917 3413 955 3468; x_wconf 82' lang='lat' dir='ltr'><strong>tui</strong></span> <span class='ocrx_word' id='word_1_560' title='bbox 970 3412 1047 3479; x_wconf 63' lang='lat' dir='ltr'><strong>dieii,</strong></span> <span class='ocrx_word' id='word_1_561' title='bbox 1064 3420 1092 3469; x_wconf 71' lang='lat' dir='ltr'><strong>el</strong></span> <span class='ocrx_word' id='word_1_562' title='bbox 1113 3426 1163 3467; x_wconf 81' lang='lat' dir='ltr'><strong>nos</strong></span> <span class='ocrx_word' id='word_1_563' title='bbox 1185 3413 1241 3482; x_wconf 77' lang='lat' dir='ltr'><strong>jam</strong></span> <span class='ocrx_word' id='word_1_564' title='bbox 1264 3410 1390 3478; x_wconf 65' lang='lat' dir='ltr'><strong>diximus,</strong></span> <span class='ocrx_word' id='word_1_565' title='bbox 1416 3411 1492 3483; x_wconf 63' lang='lat' dir='ltr'><strong>pilot</strong></span> <span class='ocrx_word' id='word_1_566' title='bbox 1512 3411 1630 3471; x_wconf 65' lang='lat' dir='ltr'><strong>dllflxlflll</strong></span> <span class='ocrx_word' id='word_1_567' title='bbox 1652 3429 1714 3480; x_wconf 70' lang='lat' dir='ltr'><strong>noa,</strong></span> 
     </span>
     <span class='ocr_line' id='line_1_58' title="bbox 70 3498 1450 3590; baseline -0.001 -14"><span class='ocrx_word' id='word_1_568' title='bbox 70 3518 141 3576; x_wconf 80' lang='lat' dir='ltr'><strong>anias</strong></span> <span class='ocrx_word' id='word_1_569' title='bbox 156 3532 246 3585; x_wconf 80' lang='lat' dir='ltr'><strong>arnor,</strong></span> <span class='ocrx_word' id='word_1_570' title='bbox 261 3523 290 3573; x_wconf 90' lang='lat' dir='ltr'><strong>et</strong></span> <span class='ocrx_word' id='word_1_571' title='bbox 312 3532 378 3573; x_wconf 83' lang='lat' dir='ltr'><strong>vere</strong></span> <span class='ocrx_word' id='word_1_572' title='bbox 395 3517 520 3573; x_wconf 88' lang='lat' dir='ltr'><strong>Domine.</strong></span> <span class='ocrx_word' id='word_1_573' title='bbox 539 3518 605 3573; x_wconf 89' lang='lat' dir='ltr'><strong>Cum</strong></span> <span class='ocrx_word' id='word_1_574' title='bbox 629 3532 695 3573; x_wconf 85' lang='lat' dir='ltr'><strong>vero</strong></span> <span class='ocrx_word' id='word_1_575' title='bbox 709 3523 863 3590; x_wconf 88' lang='lat' dir='ltr'><strong>propterte</strong></span> <span class='ocrx_word' id='word_1_576' title='bbox 915 3500 992 3572; x_wconf 91' lang='lat' dir='ltr'><strong>prius</strong></span> <span class='ocrx_word' id='word_1_577' title='bbox 1005 3499 1095 3574; x_wconf 71' lang='lat' dir='ltr'><strong>(filiiiis</strong></span> <span class='ocrx_word' id='word_1_578' title='bbox 1108 3514 1205 3556; x_wconf 54' lang='lat' dir='ltr'><strong>⁰¹⁰⁰ae</strong></span> <span class='ocrx_word' id='word_1_579' title='bbox 1219 3498 1365 3556; x_wconf 65' lang='lat' dir='ltr'><strong>dl¹⁶⁰²⁰l⁰³</strong></span> <span class='ocrx_word' id='word_1_580' title='bbox 1379 3507 1450 3555; x_wconf 58' lang='lat'>‘1¹⁰³‘</span> 
     </span>
     <span class='ocr_line' id='line_1_59' title="bbox 70 3604 1413 3681; baseline -0.002 -18"><span class='ocrx_word' id='word_1_581' title='bbox 70 3606 164 3681; x_wconf 76' lang='lat' dir='ltr'><strong>siquid</strong></span> <span class='ocrx_word' id='word_1_582' title='bbox 179 3621 252 3673; x_wconf 88' lang='lat' dir='ltr'><strong>arno,</strong></span> <span class='ocrx_word' id='word_1_583' title='bbox 278 3621 335 3662; x_wconf 93' lang='lat' dir='ltr'><strong>non</strong></span> <span class='ocrx_word' id='word_1_584' title='bbox 349 3605 412 3662; x_wconf 91' lang='lat' dir='ltr'><strong>illud</strong></span> <span class='ocrx_word' id='word_1_585' title='bbox 437 3621 507 3672; x_wconf 89' lang='lat' dir='ltr'><strong>arno,</strong></span> <span class='ocrx_word' id='word_1_586' title='bbox 524 3606 573 3662; x_wconf 88' lang='lat' dir='ltr'><strong>sed</strong></span> <span class='ocrx_word' id='word_1_587' title='bbox 588 3613 624 3672; x_wconf 91' lang='lat' dir='ltr'><strong>te,</strong></span> <span class='ocrx_word' id='word_1_588' title='bbox 650 3615 863 3678; x_wconf 86' lang='lat' dir='ltr'><strong>propterquam</strong></span> <span class='ocrx_word' id='word_1_589' title='bbox 1172 3662 1175 3666; x_wconf 79' lang='grc'><em>,</em></span> <span class='ocrx_word' id='word_1_590' title='bbox 1213 3604 1331 3662; x_wconf 78' lang='lat' dir='ltr'>CAPUT</span> <span class='ocrx_word' id='word_1_591' title='bbox 1355 3605 1413 3661; x_wconf 87' lang='lat' dir='ltr'><strong>Vll.</strong></span> 
     </span>
     <span class='ocr_line' id='line_1_60' title="bbox 70 3693 1558 3769; baseline -0.001 -15"><span class='ocrx_word' id='word_1_592' title='bbox 70 3710 122 3754; x_wconf 84' lang='lat' dir='ltr'><strong>tuo</strong></span> <span class='ocrx_word' id='word_1_593' title='bbox 135 3694 212 3769; x_wconf 88' lang='lat' dir='ltr'><strong>qnod</strong></span> <span class='ocrx_word' id='word_1_594' title='bbox 237 3710 308 3750; x_wconf 90' lang='lat' dir='ltr'><strong>amo.</strong></span> <span class='ocrx_word' id='word_1_595' title='bbox 328 3693 368 3750; x_wconf 81' lang='lat' dir='ltr'><strong>Tu</strong></span> <span class='ocrx_word' id='word_1_596' title='bbox 391 3694 464 3750; x_wconf 90' lang='lat' dir='ltr'><strong>enirn</strong></span> <span class='ocrx_word' id='word_1_597' title='bbox 491 3710 554 3749; x_wconf 88' lang='lat' dir='ltr'><strong>vere</strong></span> <span class='ocrx_word' id='word_1_598' title='bbox 571 3693 645 3749; x_wconf 91' lang='lat' dir='ltr'><strong>solus</strong></span> <span class='ocrx_word' id='word_1_599' title='bbox 667 3710 697 3749; x_wconf 89' lang='lat' dir='ltr'><strong>es</strong></span> <span class='ocrx_word' id='word_1_600' title='bbox 720 3695 862 3766; x_wconf 86' lang='lat' dir='ltr'><strong>Dominus,</strong></span> <span class='ocrx_word' id='word_1_601' title='bbox 1077 3694 1161 3765; x_wconf 80' lang='lat' dir='ltr'><strong>Quali</strong></span> <span class='ocrx_word' id='word_1_602' title='bbox 1176 3710 1271 3753; x_wconf 69' lang='lat' dir='ltr'><strong>onere</strong></span> <span class='ocrx_word' id='word_1_603' title='bbox 1284 3696 1358 3752; x_wconf 81' lang='lat' dir='ltr'><strong>Dens</strong></span> <span class='ocrx_word' id='word_1_604' title='bbox 1381 3711 1431 3753; x_wconf 86' lang='lat' dir='ltr'><strong>nos</strong></span> <span class='ocrx_word' id='word_1_605' title='bbox 1445 3696 1558 3769; x_wconf 75' lang='lat' dir='ltr'><strong>deliqui.</strong></span> 
     </span>
     <span class='ocr_line' id='line_1_61' title="bbox 70 3782 1713 3856; baseline 0.001 -15"><span class='ocrx_word' id='word_1_606' title='bbox 70 3785 138 3855; x_wconf 73' lang='lat' dir='ltr'><strong>enjus</strong></span> <span class='ocrx_word' id='word_1_607' title='bbox 151 3782 288 3841; x_wconf 88' lang='lat' dir='ltr'><strong>dominari</strong></span> <span class='ocrx_word' id='word_1_608' title='bbox 307 3798 390 3855; x_wconf 87' lang='lat' dir='ltr'><strong>super</strong></span> <span class='ocrx_word' id='word_1_609' title='bbox 405 3797 465 3850; x_wconf 89' lang='lat' dir='ltr'><strong>nos,</strong></span> <span class='ocrx_word' id='word_1_610' title='bbox 481 3784 532 3838; x_wconf 90' lang='lat' dir='ltr'><strong>boe</strong></span> <span class='ocrx_word' id='word_1_611' title='bbox 547 3791 588 3838; x_wconf 90' lang='lat' dir='ltr'><strong>est</strong></span> <span class='ocrx_word' id='word_1_612' title='bbox 600 3783 705 3838; x_wconf 85' lang='lat' dir='ltr'><strong>salvare</strong></span> <span class='ocrx_word' id='word_1_613' title='bbox 726 3798 794 3839; x_wconf 92' lang='lat' dir='ltr'><strong>nos:</strong></span> <span class='ocrx_word' id='word_1_614' title='bbox 811 3799 862 3841; x_wconf 93' lang='lat' dir='ltr'><strong>no·</strong></span> <span class='ocrx_word' id='word_1_615' title='bbox 954 3788 996 3842; x_wconf 81' lang='lat' dir='ltr'><strong>tt.</strong></span> <span class='ocrx_word' id='word_1_616' title='bbox 1019 3785 1074 3842; x_wconf 89' lang='lat' dir='ltr'><strong>Sed</strong></span> <span class='ocrx_word' id='word_1_617' title='bbox 1088 3800 1149 3848; x_wconf 89' lang='lat' dir='ltr'><strong>nos,</strong></span> <span class='ocrx_word' id='word_1_618' title='bbox 1163 3782 1290 3849; x_wconf 91' lang='lat' dir='ltr'><strong>Domine,</strong></span> <span class='ocrx_word' id='word_1_619' title='bbox 1306 3791 1333 3839; x_wconf 92' lang='lat' dir='ltr'><strong>te</strong></span> <span class='ocrx_word' id='word_1_620' title='bbox 1343 3783 1481 3856; x_wconf 75' lang='lat' dir='ltr'><strong>diligimus</strong></span> <span class='ocrx_word' id='word_1_621' title='bbox 1496 3783 1596 3842; x_wconf 89' lang='lat' dir='ltr'><strong>allecto</strong></span> <span class='ocrx_word' id='word_1_622' title='bbox 1612 3787 1713 3843; x_wconf 83' lang='lat' dir='ltr'><strong>amoris</strong></span> 
     </span>
     <span class='ocr_line' id='line_1_62' title="bbox 70 3872 1714 3945; baseline 0.001 -14"><span class='ocrx_word' id='word_1_623' title='bbox 70 3885 145 3932; x_wconf 84' lang='lat' dir='ltr'><strong>stram</strong></span> <span class='ocrx_word' id='word_1_624' title='bbox 161 3891 232 3931; x_wconf 89' lang='lat' dir='ltr'><strong>vero</strong></span> <span class='ocrx_word' id='word_1_625' title='bbox 255 3874 360 3931; x_wconf 86' lang='lat' dir='ltr'><strong>servire</strong></span> <span class='ocrx_word' id='word_1_626' title='bbox 378 3873 438 3935; x_wconf 89' lang='lat' dir='ltr'><strong>tibi,</strong></span> <span class='ocrx_word' id='word_1_627' title='bbox 454 3872 520 3928; x_wconf 91' lang='lat' dir='ltr'><strong>nibil</strong></span> <span class='ocrx_word' id='word_1_628' title='bbox 544 3880 587 3930; x_wconf 90' lang='lat' dir='ltr'><strong>est</strong></span> <span class='ocrx_word' id='word_1_629' title='bbox 609 3873 681 3929; x_wconf 86' lang='lat' dir='ltr'><strong>aliud</strong></span> <span class='ocrx_word' id='word_1_630' title='bbox 705 3889 785 3945; x_wconf 86' lang='lat' dir='ltr'><strong>quarn</strong></span> <span class='ocrx_word' id='word_1_631' title='bbox 804 3882 864 3932; x_wconf 90' lang='lat' dir='ltr'><strong>ate</strong></span> <span class='ocrx_word' id='word_1_632' title='bbox 916 3882 974 3930; x_wconf 89' lang='lat' dir='ltr'><strong>ate</strong></span> <span class='ocrx_word' id='word_1_633' title='bbox 989 3874 1067 3930; x_wconf 93' lang='lat' dir='ltr'><strong>nobis</strong></span> <span class='ocrx_word' id='word_1_634' title='bbox 1081 3873 1184 3929; x_wconf 91' lang='lat' dir='ltr'><strong>indito:</strong></span> <span class='ocrx_word' id='word_1_635' title='bbox 1210 3881 1238 3928; x_wconf 92' lang='lat' dir='ltr'><strong>tu</strong></span> <span class='ocrx_word' id='word_1_636' title='bbox 1253 3888 1330 3936; x_wconf 75' lang='lat' dir='ltr'><strong>vero,</strong></span> <span class='ocrx_word' id='word_1_637' title='bbox 1345 3873 1469 3930; x_wconf 92' lang='lat' dir='ltr'><strong>conditor</strong></span> <span class='ocrx_word' id='word_1_638' title='bbox 1483 3875 1605 3930; x_wconf 83' lang='lat' dir='ltr'><strong>omniurn</strong></span> <span class='ocrx_word' id='word_1_639' title='bbox 1628 3884 1656 3932; x_wconf 92' lang='lat' dir='ltr'><strong>et</strong></span> <span class='ocrx_word' id='word_1_640' title='bbox 1670 3876 1714 3931; x_wconf 90' lang='lat' dir='ltr'><strong>al·</strong></span> 
     </span>
     <span class='ocr_line' id='line_1_63' title="bbox 69 3961 1714 4034; baseline 0.001 -16"><span class='ocrx_word' id='word_1_641' title='bbox 69 3964 169 4020; x_wconf 75' lang='lat' dir='ltr'><strong>salvari</strong></span> <span class='ocrx_word' id='word_1_642' title='bbox 186 3962 343 4034; x_wconf 82' lang='lat' dir='ltr'><strong>Quaeenim</strong></span> <span class='ocrx_word' id='word_1_643' title='bbox 368 3963 442 4018; x_wconf 86' lang='lat' dir='ltr'><strong>salus</strong></span> <span class='ocrx_word' id='word_1_644' title='bbox 456 3969 546 4033; x_wconf 90' lang='lat' dir='ltr'><strong>tua,o</strong></span> <span class='ocrx_word' id='word_1_645' title='bbox 570 3963 695 4027; x_wconf 88' lang='lat' dir='ltr'><strong>Domina,</strong></span> <span class='ocrx_word' id='word_1_646' title='bbox 721 3964 799 4034; x_wconf 85' lang='lat' dir='ltr'><strong>cujns</strong></span> <span class='ocrx_word' id='word_1_647' title='bbox 823 3971 864 4020; x_wconf 88' lang='lat' dir='ltr'><strong>est</strong></span> <span class='ocrx_word' id='word_1_648' title='bbox 916 3963 1034 4020; x_wconf 82' lang='lat' dir='ltr'><strong>iactuum</strong></span> <span class='ocrx_word' id='word_1_649' title='bbox 1071 3963 1215 4030; x_wconf 89' lang='lat' dir='ltr'><strong>bonorum,</strong></span> <span class='ocrx_word' id='word_1_650' title='bbox 1256 3969 1283 4017; x_wconf 87' lang='lat' dir='ltr'><strong>et</strong></span> <span class='ocrx_word' id='word_1_651' title='bbox 1309 3961 1461 4018; x_wconf 89' lang='lat' dir='ltr'><strong>animarum</strong></span> <span class='ocrx_word' id='word_1_652' title='bbox 1498 3963 1714 4029; x_wconf 82' lang='lat' dir='ltr'><strong>afficiendarum,</strong></span> 
     </span>
     <span class='ocr_line' id='line_1_64' title="bbox 69 4048 1716 4124; baseline 0.001 -17"><span class='ocrx_word' id='word_1_653' title='bbox 69 4053 142 4124; x_wconf 81' lang='lat' dir='ltr'><strong>salns,</strong></span> <span class='ocrx_word' id='word_1_654' title='bbox 160 4061 190 4109; x_wconf 87' lang='lat' dir='ltr'><strong>et</strong></span> <span class='ocrx_word' id='word_1_655' title='bbox 212 4067 296 4124; x_wconf 88' lang='lat' dir='ltr'><strong>snper</strong></span> <span class='ocrx_word' id='word_1_656' title='bbox 317 4050 448 4123; x_wconf 90' lang='lat' dir='ltr'><strong>populum</strong></span> <span class='ocrx_word' id='word_1_657' title='bbox 471 4059 547 4106; x_wconf 91' lang='lat' dir='ltr'><strong>tuum</strong></span> <span class='ocrx_word' id='word_1_658' title='bbox 562 4050 718 4107; x_wconf 87' lang='lat' dir='ltr'><strong>benedictio</strong></span> <span class='ocrx_word' id='word_1_659' title='bbox 740 4059 794 4118; x_wconf 90' lang='lat' dir='ltr'><strong>tua,</strong></span> <span class='ocrx_word' id='word_1_660' title='bbox 812 4052 864 4108; x_wconf 84' lang='lat' dir='ltr'><strong>nisi</strong></span> <span class='ocrx_word' id='word_1_661' title='bbox 917 4051 1046 4123; x_wconf 89' lang='lat' dir='ltr'><strong>numquid</strong></span> <span class='ocrx_word' id='word_1_662' title='bbox 1062 4050 1194 4107; x_wconf 89' lang='lat' dir='ltr'><strong>accidenti</strong></span> <span class='ocrx_word' id='word_1_663' title='bbox 1210 4050 1253 4106; x_wconf 84' lang='lat' dir='ltr'><strong>vel</strong></span> <span class='ocrx_word' id='word_1_664' title='bbox 1264 4048 1395 4106; x_wconf 87' lang='lat' dir='ltr'><strong>incidenti</strong></span> <span class='ocrx_word' id='word_1_665' title='bbox 1409 4051 1509 4108; x_wconf 88' lang='lat' dir='ltr'><strong>amoris</strong></span> <span class='ocrx_word' id='word_1_666' title='bbox 1523 4051 1624 4108; x_wconf 86' lang='lat' dir='ltr'><strong>ellectu</strong></span> <span class='ocrx_word' id='word_1_667' title='bbox 1640 4067 1716 4109; x_wconf 85' lang='lat' dir='ltr'><strong>urnas</strong></span> 
     </span>
     <span class='ocr_line' id='line_1_65' title="bbox 68 4138 1714 4213; baseline 0.002 -17"><span class='ocrx_word' id='word_1_668' title='bbox 68 4143 130 4212; x_wconf 86' lang='lat' dir='ltr'><strong>qnod</strong></span> <span class='ocrx_word' id='word_1_669' title='bbox 145 4159 163 4198; x_wconf 81' lang='lat' dir='ltr'><strong>a</strong></span> <span class='ocrx_word' id='word_1_670' title='bbox 177 4149 206 4197; x_wconf 90' lang='lat' dir='ltr'><strong>te</strong></span> <span class='ocrx_word' id='word_1_671' title='bbox 229 4141 394 4212; x_wconf 84' lang='lat' dir='ltr'><strong>accepimus,</strong></span> <span class='ocrx_word' id='word_1_672' title='bbox 412 4149 441 4196; x_wconf 92' lang='lat' dir='ltr'><strong>ut</strong></span> <span class='ocrx_word' id='word_1_673' title='bbox 456 4156 580 4196; x_wconf 89' lang='lat' dir='ltr'><strong>amemus</strong></span> <span class='ocrx_word' id='word_1_674' title='bbox 599 4147 636 4210; x_wconf 86' lang='lat' dir='ltr'><strong>te,</strong></span> <span class='ocrx_word' id='word_1_675' title='bbox 652 4142 694 4197; x_wconf 88' lang='lat' dir='ltr'><strong>vel</strong></span> <span class='ocrx_word' id='word_1_676' title='bbox 711 4156 833 4197; x_wconf 80' lang='lat' dir='ltr'><strong>amentur</strong></span> <span class='ocrx_word' id='word_1_677' title='bbox 848 4158 863 4197; x_wconf 87' lang='lat' dir='ltr'><strong>a</strong></span> <span class='ocrx_word' id='word_1_678' title='bbox 917 4155 985 4213; x_wconf 86' lang='lat' dir='ltr'><strong>quos</strong></span> <span class='ocrx_word' id='word_1_679' title='bbox 1000 4156 1092 4195; x_wconf 85' lang='lat' dir='ltr'><strong>arnas:</strong></span> <span class='ocrx_word' id='word_1_680' title='bbox 1120 4148 1147 4195; x_wconf 91' lang='lat' dir='ltr'><strong>et</strong></span> <span class='ocrx_word' id='word_1_681' title='bbox 1162 4138 1253 4210; x_wconf 88' lang='lat' dir='ltr'><strong>aliquo</strong></span> <span class='ocrx_word' id='word_1_682' title='bbox 1268 4139 1349 4195; x_wconf 88' lang='lat' dir='ltr'><strong>modo</strong></span> <span class='ocrx_word' id='word_1_683' title='bbox 1368 4138 1396 4193; x_wconf 95' lang='lat' dir='ltr'><strong>in</strong></span> <span class='ocrx_word' id='word_1_684' title='bbox 1411 4139 1501 4212; x_wconf 88' lang='lat' dir='ltr'><strong>aliquo</strong></span> <span class='ocrx_word' id='word_1_685' title='bbox 1516 4139 1643 4207; x_wconf 81' lang='lat' dir='ltr'><strong>afficeris,</strong></span> <span class='ocrx_word' id='word_1_686' title='bbox 1667 4143 1714 4213; x_wconf 88' lang='lat' dir='ltr'><strong>qni</strong></span> 
     </span>
     <span class='ocr_line' id='line_1_66' title="bbox 68 4227 1711 4330; baseline 0.001 -44"><span class='ocrx_word' id='word_1_687' title='bbox 68 4230 240 4296; x_wconf 73' lang='lat' dir='ltr'><strong>etidcirco,</strong></span> <span class='ocrx_word' id='word_1_688' title='bbox 255 4230 383 4296; x_wconf 83' lang='lat' dir='ltr'><strong>Domine,</strong></span> <span class='ocrx_word' id='word_1_689' title='bbox 405 4229 490 4286; x_wconf 87' lang='lat' dir='ltr'><strong>lilium</strong></span> <span class='ocrx_word' id='word_1_690' title='bbox 506 4232 626 4286; x_wconf 74' lang='lat' dir='ltr'><strong>dexterea</strong></span> <span class='ocrx_word' id='word_1_691' title='bbox 642 4241 704 4295; x_wconf 77' lang='lat' dir='ltr'><strong>ture,</strong></span> <span class='ocrx_word' id='word_1_692' title='bbox 724 4232 862 4289; x_wconf 87' lang='lat' dir='ltr'><strong>hominem</strong></span> <span class='ocrx_word' id='word_1_693' title='bbox 879 4238 942 4330; x_wconf 69' lang='lat' dir='ltr'><strong>net</strong></span> <span class='ocrx_word' id='word_1_694' title='bbox 966 4245 1062 4285; x_wconf 89' lang='lat' dir='ltr'><strong>omnes</strong></span> <span class='ocrx_word' id='word_1_695' title='bbox 1077 4228 1154 4292; x_wconf 83' lang='lat' dir='ltr'><strong>lacis,</strong></span> <span class='ocrx_word' id='word_1_696' title='bbox 1171 4235 1199 4283; x_wconf 91' lang='lat' dir='ltr'><strong>et</strong></span> <span class='ocrx_word' id='word_1_697' title='bbox 1220 4229 1334 4283; x_wconf 77' lang='lat' dir='ltr'><strong>omnia?</strong></span> <span class='ocrx_word' id='word_1_698' title='bbox 1359 4227 1454 4282; x_wconf 81' lang='lat' dir='ltr'><strong>nbsitt</strong></span> <span class='ocrx_word' id='word_1_699' title='bbox 1482 4228 1636 4286; x_wconf 79' lang='lat' dir='ltr'><strong>Absurdum</strong></span> <span class='ocrx_word' id='word_1_700' title='bbox 1660 4241 1711 4297; x_wconf 87' lang='lat' dir='ltr'><strong>est,</strong></span> 
     </span>
     <span class='ocr_line' id='line_1_67' title="bbox 71 4316 1714 4390; baseline -0.001 -14"><span class='ocrx_word' id='word_1_701' title='bbox 71 4334 145 4390; x_wconf 78' lang='lat' dir='ltr'><strong>quem</strong></span> <span class='ocrx_word' id='word_1_702' title='bbox 169 4319 337 4376; x_wconf 84' lang='lat' dir='ltr'><strong>confirmasti</strong></span> <span class='ocrx_word' id='word_1_703' title='bbox 359 4319 415 4384; x_wconf 91' lang='lat' dir='ltr'><strong>tibi,</strong></span> <span class='ocrx_word' id='word_1_704' title='bbox 441 4321 542 4386; x_wconf 87' lang='lat' dir='ltr'><strong>lesum,</strong></span> <span class='ocrx_word' id='word_1_705' title='bbox 568 4319 594 4373; x_wconf 95' lang='lat' dir='ltr'><strong>id</strong></span> <span class='ocrx_word' id='word_1_706' title='bbox 616 4328 658 4375; x_wconf 92' lang='lat' dir='ltr'><strong>est</strong></span> <span class='ocrx_word' id='word_1_707' title='bbox 683 4319 861 4389; x_wconf 85' lang='lat' dir='ltr'><strong>Salvatoretn,</strong></span> <span class='ocrx_word' id='word_1_708' title='bbox 917 4319 1010 4389; x_wconf 89' lang='lat' dir='ltr'><strong>procul</strong></span> <span class='ocrx_word' id='word_1_709' title='bbox 1025 4325 1093 4374; x_wconf 90' lang='lat' dir='ltr'><strong>esta</strong></span> <span class='ocrx_word' id='word_1_710' title='bbox 1108 4316 1172 4382; x_wconf 83' lang='lat' dir='ltr'><strong>fide,</strong></span> <span class='ocrx_word' id='word_1_711' title='bbox 1190 4316 1714 4387; x_wconf 86' lang='lat' dir='ltr'><strong>alienumabomniumCreatore.Quo-</strong></span> 
     </span>
    </p>
   </div>
   <div class='ocr_carea' id='block_1_14' title="bbox 68 4405 1712 4481">
    <p class='ocr_par' dir='ltr' id='par_1_15' title="bbox 68 4405 1712 4481">
     <span class='ocr_line' id='line_1_68' title="bbox 68 4405 1712 4481; baseline 0.002 -21"><span class='ocrx_word' id='word_1_712' title='bbox 68 4408 195 4479; x_wconf 85' lang='lat' dir='ltr'><strong>appellari</strong></span> <span class='ocrx_word' id='word_1_713' title='bbox 204 4406 331 4464; x_wconf 83' lang='lat' dir='ltr'><strong>voluisti:</strong></span> <span class='ocrx_word' id='word_1_714' title='bbox 348 4410 615 4481; x_wconf 81' lang='lat' dir='ltr'><strong>Ipscenirnsoloum</strong></span> <span class='ocrx_word' id='word_1_715' title='bbox 629 4410 862 4481; x_wconf 77' lang='lat' dir='ltr'><strong>societpopulum</strong></span> <span class='ocrx_word' id='word_1_716' title='bbox 916 4409 996 4464; x_wconf 89' lang='lat' dir='ltr'><strong>modo</strong></span> <span class='ocrx_word' id='word_1_717' title='bbox 1011 4422 1077 4479; x_wconf 79' lang='lat' dir='ltr'><strong>ergo</strong></span> <span class='ocrx_word' id='word_1_718' title='bbox 1092 4422 1143 4463; x_wconf 92' lang='lat' dir='ltr'><strong>nos</strong></span> <span class='ocrx_word' id='word_1_719' title='bbox 1157 4421 1242 4476; x_wconf 89' lang='lat' dir='ltr'><strong>amas,</strong></span> <span class='ocrx_word' id='word_1_720' title='bbox 1263 4405 1285 4459; x_wconf 93' lang='lat' dir='ltr'><strong>si</strong></span> <span class='ocrx_word' id='word_1_721' title='bbox 1300 4422 1351 4463; x_wconf 88' lang='lat' dir='ltr'><strong>nos</strong></span> <span class='ocrx_word' id='word_1_722' title='bbox 1365 4421 1459 4462; x_wconf 89' lang='lat' dir='ltr'><strong>amore</strong></span> <span class='ocrx_word' id='word_1_723' title='bbox 1473 4422 1528 4461; x_wconf 83' lang='lat' dir='ltr'><strong>non</strong></span> <span class='ocrx_word' id='word_1_724' title='bbox 1543 4408 1642 4463; x_wconf 78' lang='lat' dir='ltr'><strong>amas?</strong></span> <span class='ocrx_word' id='word_1_725' title='bbox 1657 4408 1712 4464; x_wconf 87' lang='lat' dir='ltr'><strong>Sed</strong></span> 
     </span>
    </p>
   </div>
   <div class='ocr_carea' id='block_1_15' title="bbox 59 4496 862 5370">
    <p class='ocr_par' dir='ltr' id='par_1_16' title="bbox 59 4496 862 5370">
     <span class='ocr_line' id='line_1_69' title="bbox 67 4496 859 4569; baseline -0.001 -16"><span class='ocrx_word' id='word_1_726' title='bbox 67 4512 148 4554; x_wconf 73' lang='lat' dir='ltr'><strong>num</strong></span> <span class='ocrx_word' id='word_1_727' title='bbox 163 4515 183 4553; x_wconf 84' lang='lat' dir='ltr'><strong>a</strong></span> <span class='ocrx_word' id='word_1_728' title='bbox 193 4496 320 4569; x_wconf 79' lang='lat' dir='ltr'><strong>peccatis</strong></span> <span class='ocrx_word' id='word_1_729' title='bbox 335 4515 434 4555; x_wconf 82' lang='lat' dir='ltr'><strong>eorum</strong></span> <span class='ocrx_word' id='word_1_730' title='bbox 449 4498 560 4567; x_wconf 84' lang='lat' dir='ltr'><strong>(llnltb.</strong></span> <span class='ocrx_word' id='word_1_731' title='bbox 582 4513 603 4563; x_wconf 86' lang='lat' dir='ltr'><strong>r,</strong></span> <span class='ocrx_word' id='word_1_732' title='bbox 627 4497 682 4566; x_wconf 82' lang='lat' dir='ltr'><strong>at),</strong></span> <span class='ocrx_word' id='word_1_733' title='bbox 700 4505 727 4552; x_wconf 88' lang='lat' dir='ltr'><strong>et</strong></span> <span class='ocrx_word' id='word_1_734' title='bbox 750 4513 804 4552; x_wconf 93' lang='lat' dir='ltr'><strong>non</strong></span> <span class='ocrx_word' id='word_1_735' title='bbox 820 4508 859 4554; x_wconf 91' lang='lat' dir='ltr'><strong>est</strong></span> 
     </span>
     <span class='ocr_line' id='line_1_70' title="bbox 65 4585 862 4658; baseline 0.005 -19"><span class='ocrx_word' id='word_1_736' title='bbox 65 4585 128 4640; x_wconf 84' lang='lat' dir='ltr'><strong>alins</strong></span> <span class='ocrx_word' id='word_1_737' title='bbox 141 4585 170 4641; x_wconf 91' lang='lat' dir='ltr'><strong>in</strong></span> <span class='ocrx_word' id='word_1_738' title='bbox 192 4600 248 4658; x_wconf 88' lang='lat' dir='ltr'><strong>qno</strong></span> <span class='ocrx_word' id='word_1_739' title='bbox 261 4586 297 4642; x_wconf 84' lang='lat' dir='ltr'><strong>eit</strong></span> <span class='ocrx_word' id='word_1_740' title='bbox 311 4586 385 4642; x_wconf 87' lang='lat' dir='ltr'><strong>salus</strong></span> <span class='ocrx_word' id='word_1_741' title='bbox 408 4587 482 4658; x_wconf 83' lang='lat' dir='ltr'><strong>(Act.</strong></span> <span class='ocrx_word' id='word_1_742' title='bbox 498 4602 538 4653; x_wconf 80' lang='grc' dir='ltr'>ιν,</span> <span class='ocrx_word' id='word_1_743' title='bbox 566 4586 620 4658; x_wconf 74' lang='lat' dir='ltr'><strong>it),</strong></span> <span class='ocrx_word' id='word_1_744' title='bbox 636 4586 682 4658; x_wconf 86' lang='lat' dir='ltr'><strong>qui</strong></span> <span class='ocrx_word' id='word_1_745' title='bbox 707 4585 798 4642; x_wconf 90' lang='lat' dir='ltr'><strong>docuit</strong></span> <span class='ocrx_word' id='word_1_746' title='bbox 811 4602 862 4643; x_wconf 91' lang='lat' dir='ltr'><strong>nos</strong></span> 
     </span>
     <span class='ocr_line' id='line_1_71' title="bbox 65 4675 860 4748; baseline 0.006 -20"><span class='ocrx_word' id='word_1_747' title='bbox 65 4690 210 4741; x_wconf 74' lang='lat' dir='ltr'><strong>ammae,</strong></span> <span class='ocrx_word' id='word_1_748' title='bbox 226 4691 387 4748; x_wconf 86' lang='lat' dir='ltr'><strong>eamusque</strong></span> <span class='ocrx_word' id='word_1_749' title='bbox 411 4676 445 4730; x_wconf 87' lang='lat' dir='ltr'><strong>ad</strong></span> <span class='ocrx_word' id='word_1_750' title='bbox 462 4684 579 4731; x_wconf 88' lang='lat' dir='ltr'><strong>mortem</strong></span> <span class='ocrx_word' id='word_1_751' title='bbox 603 4675 690 4731; x_wconf 90' lang='lat' dir='ltr'><strong>crucis</strong></span> <span class='ocrx_word' id='word_1_752' title='bbox 714 4675 789 4746; x_wconf 93' lang='lat' dir='ltr'><strong>prior</strong></span> <span class='ocrx_word' id='word_1_753' title='bbox 802 4675 860 4747; x_wconf 91' lang='lat' dir='ltr'><strong>ipse</strong></span> 
     </span>
     <span class='ocr_line' id='line_1_72' title="bbox 67 4761 859 4838; baseline 0.006 -23"><span class='ocrx_word' id='word_1_754' title='bbox 67 4761 157 4818; x_wconf 82' lang='lat' dir='ltr'><strong>dilexit</strong></span> <span class='ocrx_word' id='word_1_755' title='bbox 168 4779 232 4830; x_wconf 86' lang='lat' dir='ltr'><strong>nos,</strong></span> <span class='ocrx_word' id='word_1_756' title='bbox 249 4771 274 4819; x_wconf 92' lang='lat' dir='ltr'><strong>et</strong></span> <span class='ocrx_word' id='word_1_757' title='bbox 285 4763 350 4820; x_wconf 86' lang='lat' dir='ltr'><strong>lavit</strong></span> <span class='ocrx_word' id='word_1_758' title='bbox 365 4780 415 4821; x_wconf 93' lang='lat' dir='ltr'><strong>nos</strong></span> <span class='ocrx_word' id='word_1_759' title='bbox 429 4765 545 4819; x_wconf 91' lang='lat' dir='ltr'><strong>amando</strong></span> <span class='ocrx_word' id='word_1_760' title='bbox 561 4773 588 4822; x_wconf 91' lang='lat' dir='ltr'><strong>et</strong></span> <span class='ocrx_word' id='word_1_761' title='bbox 607 4764 756 4838; x_wconf 82' lang='lat' dir='ltr'><strong>diligendo,</strong></span> <span class='ocrx_word' id='word_1_762' title='bbox 771 4764 859 4820; x_wconf 89' lang='lat' dir='ltr'><strong>susci-</strong></span> 
     </span>
     <span class='ocr_line' id='line_1_73' title="bbox 63 4851 860 4925; baseline 0.008 -22"><span class='ocrx_word' id='word_1_763' title='bbox 63 4858 121 4907; x_wconf 89' lang='lat' dir='ltr'><strong>tans</strong></span> <span class='ocrx_word' id='word_1_764' title='bbox 143 4867 204 4918; x_wconf 85' lang='lat' dir='ltr'><strong>nos,</strong></span> <span class='ocrx_word' id='word_1_765' title='bbox 219 4859 250 4907; x_wconf 92' lang='lat' dir='ltr'><strong>nt</strong></span> <span class='ocrx_word' id='word_1_766' title='bbox 263 4868 386 4908; x_wconf 90' lang='lat' dir='ltr'><strong>amemus</strong></span> <span class='ocrx_word' id='word_1_767' title='bbox 401 4868 463 4908; x_wconf 90' lang='lat' dir='ltr'><strong>eum</strong></span> <span class='ocrx_word' id='word_1_768' title='bbox 482 4852 526 4924; x_wconf 80' lang='lat' dir='ltr'><strong>qui</strong></span> <span class='ocrx_word' id='word_1_769' title='bbox 543 4853 616 4924; x_wconf 91' lang='lat' dir='ltr'><strong>prior</strong></span> <span class='ocrx_word' id='word_1_770' title='bbox 630 4868 716 4925; x_wconf 87' lang='lat' dir='ltr'><strong>usque</strong></span> <span class='ocrx_word' id='word_1_771' title='bbox 731 4853 758 4908; x_wconf 92' lang='lat' dir='ltr'><strong>in</strong></span> <span class='ocrx_word' id='word_1_772' title='bbox 777 4851 860 4909; x_wconf 86' lang='lat' dir='ltr'><strong>finem</strong></span> 
     </span>
     <span class='ocr_line' id='line_1_74' title="bbox 62 4939 857 5011; baseline 0.006 -18"><span class='ocrx_word' id='word_1_773' title='bbox 62 4939 155 4997; x_wconf 82' lang='lat' dir='ltr'><strong>dilexit</strong></span> <span class='ocrx_word' id='word_1_774' title='bbox 180 4956 241 4997; x_wconf 89' lang='lat' dir='ltr'><strong>nos.</strong></span> <span class='ocrx_word' id='word_1_775' title='bbox 266 4942 330 4997; x_wconf 87' lang='lat' dir='ltr'><strong>Haec</strong></span> <span class='ocrx_word' id='word_1_776' title='bbox 353 4950 396 4998; x_wconf 89' lang='lat' dir='ltr'><strong>est</strong></span> <span class='ocrx_word' id='word_1_777' title='bbox 416 4941 520 5011; x_wconf 79' lang='lat' dir='ltr'><strong>iustitia</strong></span> <span class='ocrx_word' id='word_1_778' title='bbox 548 4941 662 4999; x_wconf 86' lang='lat' dir='ltr'><strong>filiorum</strong></span> <span class='ocrx_word' id='word_1_779' title='bbox 695 4942 857 4998; x_wconf 88' lang='lat' dir='ltr'><strong>hominurn:</strong></span> 
     </span>
     <span class='ocr_line' id='line_1_75' title="bbox 61 5031 859 5104; baseline 0.003 -19"><span class='ocrx_word' id='word_1_780' title='bbox 61 5032 128 5085; x_wconf 81' lang='lat' dir='ltr'><strong>lma</strong></span> <span class='ocrx_word' id='word_1_781' title='bbox 151 5046 206 5099; x_wconf 86' lang='lat' dir='ltr'><strong>me,</strong></span> <span class='ocrx_word' id='word_1_782' title='bbox 222 5031 286 5103; x_wconf 85' lang='lat' dir='ltr'><strong>quia</strong></span> <span class='ocrx_word' id='word_1_783' title='bbox 301 5046 363 5086; x_wconf 87' lang='lat' dir='ltr'><strong>amo</strong></span> <span class='ocrx_word' id='word_1_784' title='bbox 381 5038 417 5087; x_wconf 88' lang='lat' dir='ltr'><strong>te.</strong></span> <span class='ocrx_word' id='word_1_785' title='bbox 435 5031 522 5085; x_wconf 84' lang='lat' dir='ltr'><strong>Rarus</strong></span> <span class='ocrx_word' id='word_1_786' title='bbox 544 5038 636 5087; x_wconf 91' lang='lat' dir='ltr'><strong>autern</strong></span> <span class='ocrx_word' id='word_1_787' title='bbox 651 5039 692 5087; x_wconf 91' lang='lat' dir='ltr'><strong>est</strong></span> <span class='ocrx_word' id='word_1_788' title='bbox 707 5031 753 5104; x_wconf 89' lang='lat' dir='ltr'><strong>qui</strong></span> <span class='ocrx_word' id='word_1_789' title='bbox 767 5032 859 5088; x_wconf 90' lang='lat' dir='ltr'><strong>dicere</strong></span> 
     </span>
     <span class='ocr_line' id='line_1_76' title="bbox 61 5117 861 5189; baseline 0.006 -17"><span class='ocrx_word' id='word_1_790' title='bbox 61 5117 161 5188; x_wconf 73' lang='lat' dir='ltr'><strong>posn&#39;t:</strong></span> <span class='ocrx_word' id='word_1_791' title='bbox 178 5119 248 5174; x_wconf 82' lang='lat' dir='ltr'><strong>limo</strong></span> <span class='ocrx_word' id='word_1_792' title='bbox 262 5127 302 5189; x_wconf 91' lang='lat' dir='ltr'><strong>te,</strong></span> <span class='ocrx_word' id='word_1_793' title='bbox 317 5125 348 5174; x_wconf 90' lang='lat' dir='ltr'><strong>nt</strong></span> <span class='ocrx_word' id='word_1_794' title='bbox 364 5134 440 5174; x_wconf 89' lang='lat' dir='ltr'><strong>arnes</strong></span> <span class='ocrx_word' id='word_1_795' title='bbox 459 5134 513 5174; x_wconf 90' lang='lat' dir='ltr'><strong>me.</strong></span> <span class='ocrx_word' id='word_1_796' title='bbox 535 5120 591 5175; x_wconf 91' lang='lat' dir='ltr'><strong>Hoc</strong></span> <span class='ocrx_word' id='word_1_797' title='bbox 607 5126 634 5175; x_wconf 87' lang='lat' dir='ltr'><strong>tu</strong></span> <span class='ocrx_word' id='word_1_798' title='bbox 650 5118 748 5185; x_wconf 82' lang='lat' dir='ltr'><strong>iecisti,</strong></span> <span class='ocrx_word' id='word_1_799' title='bbox 773 5117 861 5177; x_wconf 64' lang='lat'><strong>289</strong></span> 
     </span>
     <span class='ocr_line' id='line_1_77' title="bbox 59 5205 858 5279; baseline 0.001 -16"><span class='ocrx_word' id='word_1_800' title='bbox 59 5205 133 5277; x_wconf 79' lang='lat' dir='ltr'><strong>qnia,</strong></span> <span class='ocrx_word' id='word_1_801' title='bbox 157 5206 229 5263; x_wconf 81' lang='lat' dir='ltr'><strong>sicut</strong></span> <span class='ocrx_word' id='word_1_802' title='bbox 243 5207 342 5263; x_wconf 89' lang='lat' dir='ltr'><strong>clamat</strong></span> <span class='ocrx_word' id='word_1_803' title='bbox 366 5215 394 5262; x_wconf 92' lang='lat' dir='ltr'><strong>et</strong></span> <span class='ocrx_word' id='word_1_804' title='bbox 409 5206 544 5279; x_wconf 78' lang='lat' dir='ltr'><strong>&#39;praedicat</strong></span> <span class='ocrx_word' id='word_1_805' title='bbox 568 5224 663 5264; x_wconf 85' lang='lat' dir='ltr'><strong>servus</strong></span> <span class='ocrx_word' id='word_1_806' title='bbox 686 5208 785 5263; x_wconf 90' lang='lat' dir='ltr'><strong>amoris</strong></span> <span class='ocrx_word' id='word_1_807' title='bbox 809 5208 858 5272; x_wconf 88' lang='lat' dir='ltr'><strong>tui,</strong></span> 
     </span>
     <span class='ocr_line' id='line_1_78' title="bbox 60 5296 860 5370; baseline 0.004 -17"><span class='ocrx_word' id='word_1_808' title='bbox 60 5298 134 5367; x_wconf 88' lang='lat' dir='ltr'><strong>prior</strong></span> <span class='ocrx_word' id='word_1_809' title='bbox 147 5296 268 5352; x_wconf 82' lang='lat' dir='ltr'><strong>dilexisti</strong></span> <span class='ocrx_word' id='word_1_810' title='bbox 283 5311 334 5352; x_wconf 91' lang='lat' dir='ltr'><strong>nos</strong></span> <span class='ocrx_word' id='word_1_811' title='bbox 347 5297 376 5367; x_wconf 90' lang='lat' dir='ltr'><strong>(l</strong></span> <span class='ocrx_word' id='word_1_812' title='bbox 387 5299 468 5355; x_wconf 77' lang='lat' dir='ltr'><strong>loon.</strong></span> <span class='ocrx_word' id='word_1_813' title='bbox 486 5313 524 5365; x_wconf 82' lang='grc' dir='ltr'><strong>ιι,</strong></span> <span class='ocrx_word' id='word_1_814' title='bbox 541 5298 596 5367; x_wconf 75' lang='lat' dir='ltr'><strong>ts).</strong></span> <span class='ocrx_word' id='word_1_815' title='bbox 613 5299 647 5354; x_wconf 83' lang='lat' dir='ltr'><strong>Et</strong></span> <span class='ocrx_word' id='word_1_816' title='bbox 660 5297 699 5353; x_wconf 89' lang='lat' dir='ltr'><strong>sic</strong></span> <span class='ocrx_word' id='word_1_817' title='bbox 713 5297 804 5370; x_wconf 87' lang='lat' dir='ltr'><strong>plane,</strong></span> <span class='ocrx_word' id='word_1_818' title='bbox 821 5299 860 5356; x_wconf 84' lang='lat' dir='ltr'><strong>sio</strong></span> 
     </span>
    </p>
   </div>
   <div class='ocr_carea' id='block_1_16' title="bbox 912 4494 1787 5360">
    <p class='ocr_par' dir='ltr' id='par_1_17' title="bbox 912 4494 1787 5360">
     <span class='ocr_line' id='line_1_79' title="bbox 916 4494 1712 4562; baseline 0 -11"><span class='ocrx_word' id='word_1_819' title='bbox 916 4513 991 4552; x_wconf 89' lang='lat' dir='ltr'><strong>amor</strong></span> <span class='ocrx_word' id='word_1_820' title='bbox 1006 4504 1068 4552; x_wconf 88' lang='lat' dir='ltr'><strong>tuus</strong></span> <span class='ocrx_word' id='word_1_821' title='bbox 1090 4495 1198 4552; x_wconf 87' lang='lat' dir='ltr'><strong>bonitas</strong></span> <span class='ocrx_word' id='word_1_822' title='bbox 1213 4501 1325 4561; x_wconf 87' lang='lat' dir='ltr'><strong>tuaest,</strong></span> <span class='ocrx_word' id='word_1_823' title='bbox 1341 4509 1357 4549; x_wconf 96' lang='lat'><strong>0</strong></span> <span class='ocrx_word' id='word_1_824' title='bbox 1372 4510 1476 4549; x_wconf 89' lang='lat' dir='ltr'><strong>surnnre</strong></span> <span class='ocrx_word' id='word_1_825' title='bbox 1490 4494 1571 4562; x_wconf 89' lang='lat' dir='ltr'><strong>bone,</strong></span> <span class='ocrx_word' id='word_1_826' title='bbox 1593 4503 1620 4550; x_wconf 90' lang='lat' dir='ltr'><strong>et</strong></span> <span class='ocrx_word' id='word_1_827' title='bbox 1634 4512 1712 4551; x_wconf 90' lang='lat' dir='ltr'><strong>snm-</strong></span> 
     </span>
     <span class='ocr_line' id='line_1_80' title="bbox 915 4582 1787 4657; baseline -0.001 -17"><span class='ocrx_word' id='word_1_828' title='bbox 915 4603 987 4641; x_wconf 91' lang='lat' dir='ltr'><strong>mum</strong></span> <span class='ocrx_word' id='word_1_829' title='bbox 1003 4587 1113 4653; x_wconf 89' lang='lat' dir='ltr'><strong>bonurn,</strong></span> <span class='ocrx_word' id='word_1_830' title='bbox 1130 4582 1246 4654; x_wconf 88' lang='lat' dir='ltr'><strong>Spiritus</strong></span> <span class='ocrx_word' id='word_1_831' title='bbox 1258 4589 1367 4637; x_wconf 86' lang='lat' dir='ltr'><strong>sanctus</strong></span> <span class='ocrx_word' id='word_1_832' title='bbox 1391 4583 1546 4653; x_wconf 88' lang='lat' dir='ltr'><strong>procedens</strong></span> <span class='ocrx_word' id='word_1_833' title='bbox 1560 4600 1576 4639; x_wconf 90' lang='lat' dir='ltr'><strong>a</strong></span> <span class='ocrx_word' id='word_1_834' title='bbox 1591 4584 1669 4640; x_wconf 88' lang='lat' dir='ltr'><strong>Patre</strong></span> <span class='ocrx_word' id='word_1_835' title='bbox 1683 4595 1711 4657; x_wconf 83' lang='lat' dir='ltr'><strong>ot</strong></span> <span class='ocrx_word' id='word_1_836' title='bbox 1785 4622 1787 4625; x_wconf 91' lang='lat'>-</span> 
     </span>
     <span class='ocr_line' id='line_1_81' title="bbox 914 4669 1712 4745; baseline -0.001 -16"><span class='ocrx_word' id='word_1_837' title='bbox 914 4673 992 4737; x_wconf 86' lang='lat' dir='ltr'><strong>Filio,</strong></span> <span class='ocrx_word' id='word_1_838' title='bbox 1021 4673 1066 4744; x_wconf 87' lang='lat' dir='ltr'><strong>qui</strong></span> <span class='ocrx_word' id='word_1_839' title='bbox 1094 4673 1130 4728; x_wconf 95' lang='lat' dir='ltr'><strong>ab</strong></span> <span class='ocrx_word' id='word_1_840' title='bbox 1154 4669 1229 4726; x_wconf 88' lang='lat' dir='ltr'><strong>initio</strong></span> <span class='ocrx_word' id='word_1_841' title='bbox 1258 4678 1389 4726; x_wconf 84' lang='lat' dir='ltr'><strong>creaturae</strong></span> <span class='ocrx_word' id='word_1_842' title='bbox 1412 4670 1498 4734; x_wconf 84' lang='lat' dir='ltr'><strong>fertur</strong></span> <span class='ocrx_word' id='word_1_843' title='bbox 1521 4687 1604 4742; x_wconf 90' lang='lat' dir='ltr'><strong>super</strong></span> <span class='ocrx_word' id='word_1_844' title='bbox 1627 4688 1712 4745; x_wconf 79' lang='lat' dir='ltr'><strong>aquae</strong></span> 
     </span>
     <span class='ocr_line' id='line_1_82' title="bbox 913 4758 1710 4834; baseline 0.001 -15"><span class='ocrx_word' id='word_1_845' title='bbox 913 4764 1033 4833; x_wconf 76' lang='lat' dir='ltr'><strong>(Gerar,</strong></span> <span class='ocrx_word' id='word_1_846' title='bbox 1052 4761 1091 4834; x_wconf 73' lang='lat'><strong>2),</strong></span> <span class='ocrx_word' id='word_1_847' title='bbox 1108 4761 1134 4816; x_wconf 94' lang='lat' dir='ltr'><strong>id</strong></span> <span class='ocrx_word' id='word_1_848' title='bbox 1159 4768 1298 4831; x_wconf 89' lang='lat' dir='ltr'><strong>estsuper</strong></span> <span class='ocrx_word' id='word_1_849' title='bbox 1317 4768 1423 4816; x_wconf 90' lang='lat' dir='ltr'><strong>mentes</strong></span> <span class='ocrx_word' id='word_1_850' title='bbox 1437 4758 1552 4817; x_wconf 87' lang='lat' dir='ltr'><strong>tiliorum</strong></span> <span class='ocrx_word' id='word_1_851' title='bbox 1572 4762 1710 4820; x_wconf 87' lang='lat' dir='ltr'><strong>bominum</strong></span> 
     </span>
     <span class='ocr_line' id='line_1_83' title="bbox 914 4849 1708 4918; baseline 0.001 -12"><span class='ocrx_word' id='word_1_852' title='bbox 914 4853 1087 4918; x_wconf 79' lang='lat' dir='ltr'><strong>fluctuantes,</strong></span> <span class='ocrx_word' id='word_1_853' title='bbox 1112 4849 1240 4907; x_wconf 91' lang='lat' dir='ltr'><strong>omnibns</strong></span> <span class='ocrx_word' id='word_1_854' title='bbox 1264 4866 1295 4906; x_wconf 88' lang='lat' dir='ltr'><strong>se</strong></span> <span class='ocrx_word' id='word_1_855' title='bbox 1308 4849 1439 4918; x_wconf 77' lang='lat' dir='ltr'><strong>offerens,</strong></span> <span class='ocrx_word' id='word_1_856' title='bbox 1454 4851 1545 4908; x_wconf 88' lang='lat' dir='ltr'><strong>omnia</strong></span> <span class='ocrx_word' id='word_1_857' title='bbox 1560 4853 1594 4908; x_wconf 90' lang='lat' dir='ltr'><strong>ad</strong></span> <span class='ocrx_word' id='word_1_858' title='bbox 1608 4869 1638 4909; x_wconf 90' lang='lat' dir='ltr'><strong>se</strong></span> <span class='ocrx_word' id='word_1_859' title='bbox 1653 4860 1708 4908; x_wconf 45' lang='grc' dir='ltr'>ιιι,</span> 
     </span>
     <span class='ocr_line' id='line_1_84' title="bbox 913 4939 1708 5012; baseline 0 -16"><span class='ocrx_word' id='word_1_860' title='bbox 913 4942 983 4997; x_wconf 88' lang='lat' dir='ltr'><strong>heus</strong></span> <span class='ocrx_word' id='word_1_861' title='bbox 997 4940 1168 5012; x_wconf 88' lang='lat' dir='ltr'><strong>inspirando,</strong></span> <span class='ocrx_word' id='word_1_862' title='bbox 1190 4939 1347 5011; x_wconf 89' lang='lat' dir='ltr'><strong>aspirando,</strong></span> <span class='ocrx_word' id='word_1_863' title='bbox 1367 4940 1446 4997; x_wconf 86' lang='lat' dir='ltr'><strong>noxia</strong></span> <span class='ocrx_word' id='word_1_864' title='bbox 1470 4942 1600 5002; x_wconf 78' lang='lat' dir='ltr'><strong>arcendo.</strong></span> <span class='ocrx_word' id='word_1_865' title='bbox 1615 4940 1708 5012; x_wconf 87' lang='lat' dir='ltr'><strong>provi-</strong></span> 
     </span>
     <span class='ocr_line' id='line_1_85' title="bbox 912 5029 1710 5098; baseline 0.001 -12"><span class='ocrx_word' id='word_1_866' title='bbox 912 5030 1004 5087; x_wconf 90' lang='lat' dir='ltr'><strong>dendo</strong></span> <span class='ocrx_word' id='word_1_867' title='bbox 1028 5030 1114 5097; x_wconf 86' lang='lat' dir='ltr'><strong>utilia,</strong></span> <span class='ocrx_word' id='word_1_868' title='bbox 1139 5031 1225 5086; x_wconf 88' lang='lat' dir='ltr'><strong>Deum</strong></span> <span class='ocrx_word' id='word_1_869' title='bbox 1248 5029 1336 5098; x_wconf 90' lang='lat' dir='ltr'><strong>nobis,</strong></span> <span class='ocrx_word' id='word_1_870' title='bbox 1352 5038 1381 5086; x_wconf 86' lang='lat' dir='ltr'><strong>et</strong></span> <span class='ocrx_word' id='word_1_871' title='bbox 1395 5046 1444 5086; x_wconf 93' lang='lat' dir='ltr'><strong>nos</strong></span> <span class='ocrx_word' id='word_1_872' title='bbox 1459 5030 1556 5086; x_wconf 91' lang='lat' dir='ltr'><strong>uniens</strong></span> <span class='ocrx_word' id='word_1_873' title='bbox 1578 5030 1645 5086; x_wconf 87' lang='lat' dir='ltr'><strong>Deo.</strong></span> <span class='ocrx_word' id='word_1_874' title='bbox 1664 5029 1710 5087; x_wconf 84' lang='lat' dir='ltr'><strong>Sia</strong></span> 
     </span>
     <span class='ocr_line' id='line_1_86' title="bbox 913 5118 1720 5192; baseline -0.004 -16"><span class='ocrx_word' id='word_1_875' title='bbox 913 5120 987 5176; x_wconf 91' lang='lat' dir='ltr'><strong>enirn</strong></span> <span class='ocrx_word' id='word_1_876' title='bbox 1008 5120 1124 5192; x_wconf 89' lang='lat' dir='ltr'><strong>Spiritus</strong></span> <span class='ocrx_word' id='word_1_877' title='bbox 1139 5127 1248 5177; x_wconf 88' lang='lat' dir='ltr'><strong>sanctus</strong></span> <span class='ocrx_word' id='word_1_878' title='bbox 1263 5127 1335 5190; x_wconf 88' lang='lat' dir='ltr'><strong>tuns,</strong></span> <span class='ocrx_word' id='word_1_879' title='bbox 1358 5121 1403 5190; x_wconf 86' lang='lat' dir='ltr'><strong>qui</strong></span> <span class='ocrx_word' id='word_1_880' title='bbox 1420 5135 1496 5175; x_wconf 90' lang='lat' dir='ltr'><strong>amor</strong></span> <span class='ocrx_word' id='word_1_881' title='bbox 1509 5118 1607 5174; x_wconf 90' lang='lat' dir='ltr'><strong>dicitur</strong></span> <span class='ocrx_word' id='word_1_882' title='bbox 1621 5118 1720 5175; x_wconf 83' lang='lat' dir='ltr'><strong>Patris.</strong></span> 
     </span>
     <span class='ocr_line' id='line_1_87' title="bbox 913 5206 1709 5277; baseline -0.004 -11"><span class='ocrx_word' id='word_1_883' title='bbox 913 5218 942 5266; x_wconf 86' lang='lat' dir='ltr'><strong>et</strong></span> <span class='ocrx_word' id='word_1_884' title='bbox 956 5209 1024 5277; x_wconf 85' lang='lat' dir='ltr'><strong>Filii,</strong></span> <span class='ocrx_word' id='word_1_885' title='bbox 1041 5216 1069 5266; x_wconf 92' lang='lat' dir='ltr'><strong>et</strong></span> <span class='ocrx_word' id='word_1_886' title='bbox 1083 5209 1184 5275; x_wconf 88' lang='lat' dir='ltr'><strong>unitas,</strong></span> <span class='ocrx_word' id='word_1_887' title='bbox 1200 5216 1228 5263; x_wconf 91' lang='lat' dir='ltr'><strong>et</strong></span> <span class='ocrx_word' id='word_1_888' title='bbox 1240 5206 1372 5274; x_wconf 84' lang='lat' dir='ltr'><strong>voluntas,</strong></span> <span class='ocrx_word' id='word_1_889' title='bbox 1390 5222 1439 5276; x_wconf 91' lang='lat' dir='ltr'><strong>per</strong></span> <span class='ocrx_word' id='word_1_890' title='bbox 1453 5206 1566 5277; x_wconf 79' lang='lat' dir='ltr'><strong>gratiam</strong></span> <span class='ocrx_word' id='word_1_891' title='bbox 1590 5221 1666 5262; x_wconf 89' lang='lat' dir='ltr'><strong>suam</strong></span> <span class='ocrx_word' id='word_1_892' title='bbox 1680 5206 1709 5263; x_wconf 91' lang='lat' dir='ltr'><strong>in</strong></span> 
     </span>
     <span class='ocr_line' id='line_1_88' title="bbox 913 5294 1709 5360; baseline -0.001 -7"><span class='ocrx_word' id='word_1_893' title='bbox 913 5299 991 5355; x_wconf 89' lang='lat' dir='ltr'><strong>nobis</strong></span> <span class='ocrx_word' id='word_1_894' title='bbox 1007 5297 1169 5360; x_wconf 82' lang='lat' dir='ltr'><strong>inhabitans,</strong></span> <span class='ocrx_word' id='word_1_895' title='bbox 1195 5302 1223 5350; x_wconf 90' lang='lat' dir='ltr'><strong>et</strong></span> <span class='ocrx_word' id='word_1_896' title='bbox 1237 5295 1287 5350; x_wconf 87' lang='lat' dir='ltr'><strong>Dei</strong></span> <span class='ocrx_word' id='word_1_897' title='bbox 1301 5295 1329 5349; x_wconf 91' lang='lat' dir='ltr'><strong>in</strong></span> <span class='ocrx_word' id='word_1_898' title='bbox 1354 5295 1433 5350; x_wconf 91' lang='lat' dir='ltr'><strong>nobis</strong></span> <span class='ocrx_word' id='word_1_899' title='bbox 1454 5294 1613 5350; x_wconf 88' lang='lat' dir='ltr'><strong>charitatem</strong></span> <span class='ocrx_word' id='word_1_900' title='bbox 1635 5312 1709 5354; x_wconf 88' lang='lat' dir='ltr'><strong>corn·</strong></span> 
     </span>
    </p>
   </div>
   <div class='ocr_carea' id='block_1_17' title="bbox 58 5384 1709 5551">
    <p class='ocr_par' dir='ltr' id='par_1_18' title="bbox 58 5384 1709 5551">
     <span class='ocr_line' id='line_1_89' title="bbox 60 5384 1709 5461; baseline 0 -17"><span class='ocrx_word' id='word_1_901' title='bbox 60 5398 110 5444; x_wconf 85' lang='lat' dir='ltr'><strong>est.</strong></span> <span class='ocrx_word' id='word_1_902' title='bbox 129 5387 235 5443; x_wconf 72' lang='lat' dir='ltr'><strong>Amasti</strong></span> <span class='ocrx_word' id='word_1_903' title='bbox 251 5401 302 5443; x_wconf 93' lang='lat' dir='ltr'><strong>nos</strong></span> <span class='ocrx_word' id='word_1_904' title='bbox 317 5385 401 5458; x_wconf 88' lang='lat' dir='ltr'><strong>prior,</strong></span> <span class='ocrx_word' id='word_1_905' title='bbox 427 5394 457 5441; x_wconf 93' lang='lat' dir='ltr'><strong>ut</strong></span> <span class='ocrx_word' id='word_1_906' title='bbox 477 5403 630 5444; x_wconf 87' lang='lat' dir='ltr'><strong>amaremus</strong></span> <span class='ocrx_word' id='word_1_907' title='bbox 653 5396 698 5442; x_wconf 93' lang='lat' dir='ltr'><strong>te:</strong></span> <span class='ocrx_word' id='word_1_908' title='bbox 715 5402 770 5443; x_wconf 91' lang='lat' dir='ltr'><strong>non</strong></span> <span class='ocrx_word' id='word_1_909' title='bbox 785 5389 859 5461; x_wconf 88' lang='lat' dir='ltr'><strong>quod</strong></span> <span class='ocrx_word' id='word_1_910' title='bbox 912 5390 1054 5455; x_wconf 86' lang='lat' dir='ltr'><strong>mandans,</strong></span> <span class='ocrx_word' id='word_1_911' title='bbox 1075 5395 1103 5444; x_wconf 90' lang='lat' dir='ltr'><strong>et</strong></span> <span class='ocrx_word' id='word_1_912' title='bbox 1116 5403 1167 5460; x_wconf 90' lang='lat' dir='ltr'><strong>par</strong></span> <span class='ocrx_word' id='word_1_913' title='bbox 1180 5387 1266 5459; x_wconf 87' lang='lat' dir='ltr'><strong>ipsern</strong></span> <span class='ocrx_word' id='word_1_914' title='bbox 1280 5385 1368 5458; x_wconf 91' lang='lat' dir='ltr'><strong>ipsum</strong></span> <span class='ocrx_word' id='word_1_915' title='bbox 1384 5386 1464 5442; x_wconf 89' lang='lat' dir='ltr'><strong>nobis</strong></span> <span class='ocrx_word' id='word_1_916' title='bbox 1478 5384 1637 5457; x_wconf 89' lang='lat' dir='ltr'><strong>concilians,</strong></span> <span class='ocrx_word' id='word_1_917' title='bbox 1650 5387 1709 5446; x_wconf 86' lang='lat' dir='ltr'><strong>Deo</strong></span> 
     </span>
     <span class='ocr_line' id='line_1_90' title="bbox 58 5473 1706 5551; baseline 0 -17"><span class='ocrx_word' id='word_1_918' title='bbox 58 5493 156 5551; x_wconf 76' lang='lat' dir='ltr'><strong>egeres</strong></span> <span class='ocrx_word' id='word_1_919' title='bbox 169 5475 258 5533; x_wconf 83' lang='lat' dir='ltr'><strong>amari</strong></span> <span class='ocrx_word' id='word_1_920' title='bbox 279 5476 389 5534; x_wconf 85' lang='lat' dir='ltr'><strong>anobis</strong></span> <span class='ocrx_word' id='word_1_921' title='bbox 406 5477 454 5535; x_wconf 88' lang='lat' dir='ltr'><strong>sed</strong></span> <span class='ocrx_word' id='word_1_922' title='bbox 479 5477 542 5550; x_wconf 88' lang='lat' dir='ltr'><strong>quia</strong></span> <span class='ocrx_word' id='word_1_923' title='bbox 554 5475 583 5533; x_wconf 92' lang='lat' dir='ltr'><strong>id</strong></span> <span class='ocrx_word' id='word_1_924' title='bbox 600 5478 633 5533; x_wconf 93' lang='lat' dir='ltr'><strong>ad</strong></span> <span class='ocrx_word' id='word_1_925' title='bbox 656 5478 729 5551; x_wconf 89' lang='lat' dir='ltr'><strong>quod</strong></span> <span class='ocrx_word' id='word_1_926' title='bbox 744 5493 793 5535; x_wconf 91' lang='lat' dir='ltr'><strong>nos</strong></span> <span class='ocrx_word' id='word_1_927' title='bbox 812 5478 856 5536; x_wconf 84' lang='lat' dir='ltr'><strong>ie·</strong></span> <span class='ocrx_word' id='word_1_928' title='bbox 912 5496 962 5536; x_wconf 90' lang='lat' dir='ltr'><strong>nos</strong></span> <span class='ocrx_word' id='word_1_929' title='bbox 985 5478 1044 5536; x_wconf 90' lang='lat' dir='ltr'><strong>unit</strong></span> <span class='ocrx_word' id='word_1_930' title='bbox 1057 5493 1105 5550; x_wconf 89' lang='lat' dir='ltr'><strong>per</strong></span> <span class='ocrx_word' id='word_1_931' title='bbox 1119 5476 1276 5550; x_wconf 87' lang='lat' dir='ltr'><strong>inspiratam</strong></span> <span class='ocrx_word' id='word_1_932' title='bbox 1300 5473 1379 5533; x_wconf 88' lang='lat' dir='ltr'><strong>nobis</strong></span> <span class='ocrx_word' id='word_1_933' title='bbox 1401 5473 1500 5532; x_wconf 88' lang='lat' dir='ltr'><strong>bonam</strong></span> <span class='ocrx_word' id='word_1_934' title='bbox 1516 5475 1682 5536; x_wconf 87' lang='lat' dir='ltr'><strong>voluntatem</strong></span> <span class='ocrx_word' id='word_1_935' title='bbox 1699 5493 1706 5534; x_wconf 76' lang='grc' dir='ltr'><em>τ</em></span> 
     </span>
    </p>
   </div>
   <div class='ocr_carea' id='block_1_18' title="bbox 0 0 1858 5962">
    <p class='ocr_par' dir='ltr' id='par_1_19' title="bbox 0 0 1858 5962">
     <span class='ocr_line' id='line_1_91' title="bbox 0 0 1858 5962; baseline 0 3"><span class='ocrx_word' id='word_1_936' title='bbox 0 0 1858 5962; x_wconf 95' lang='lat' dir='ltr'><strong> </strong></span> 
     </span>
    </p>
   </div>
  </div>
 </body>
</html>
